5088 6416
1779 801 1782 804 -
1882 705 1927 772 21

299 931 365 976 non
392 907 455 972 1111
482 927 609 972 marcas
642 925 822 970 annuorum
854 903 1039 971 reddstuum
1067 904 1102 968 in
1129 905 1267 992 quadam
1297 907 1449 970 curia'in
1479 907 1655 995 Keelstorp
1688 909 1722 1001 ip
1755 907 1843 974 dicta
1874 929 1971 995 paro-

301 1028 374 1094 chia
412 1025 570 1112 Wilstorp
610 1045 671 1111 pro
710 1032 839 1092 centum
877 1023 995 1088 marcis
1034 1033 1303 1111 comparatorum.
1374 1025 1444 1090 Nos
1481 1025 1634 1090 Nicolans
1673 1027 1859 1113 Episcopus
1896 1047 1971 1112 pre-

299 1148 394 1230 fatus,
417 1143 657 1210 deliberacione
679 1141 865 1229 prehabita,
889 1140 1103 1208 donacionem
1127 1142 1331 1208 dotacionem
1354 1166 1394 1210 ao
1414 1144 1644 1212 fundacionem
1665 1145 1830 1232 predictas
1852 1166 1970 1232 appro-

299 1265 447 1332 bauimus
478 1271 512 1327 et
538 1259 766 1348 approbamus,
799 1260 1030 1326 ratificauimus
1064 1270 1098 1326 et
1129 1261 1325 1329 ratificamus
1359 1262 1461 1340 dietas
1494 1263 1749 1350 quadringentas
1766 1284 1906 1336 ,marcas
1928 1283 1970 1327 ac

300 1383 447 1450 redditus
475 1403 548 1446 cum
577 1378 701 1444 eisdem
730 1390 857 1466 emptos
887 1378 947 1444 sub
977 1379 1199 1445 ecclesiastica
1227 1381 1430 1467 protectione
1452 1384 1634 1471 recepimus
1658 1390 1690 1446 et
1712 1382 1903 1471 recipimus,
1936 1387 1971 1446 et

298 1525 358 1590 pro
391 1500 485 1566 dictis
520 1498 725 1564 (lenonicatu
757 1507 798 1563 et*
817 1497 989 1584 prebenda
1021 1497 1064 1562 ad
1091 1497 1271 1585 predictum
1307 1500 1409 1566 altare
1440 1501 1529 1568 beati
1551 1502 1640 1567 Petri
1668 1499 1809 1588 apostoli
1842 1507 1967 1564 sancta·

299 1639 436 1707 rumque
458 1616 609 1683 Elisabet
631 1626 664 1681 et
685 1617 824 1702 Birgitte
846 1615 1017 1680 viduarum
1040 1617 1300 1684 confirmauimus
1324 1628 1358 1683 et
1381 1619 1623 1703 confirmamus,
1647 1619 1800 1707 dictoque
1822 1618 1966 1683 Domino

302 1739 452 1823 Andree,
476 1735 585 1824 quoad
605 1735 740 1820 vixerit,
769 1743 845 1822 post
864 1754 945 1799 vero
967 1735 1103 1822 ipsius1)
1132 1745 1165 1802 et
1191 1737 1283 1802 fratri
1305 1739 1374 1802 eius
1397 1738 1519 1805 carnali
1541 1738 1683 1804 discreto
1705 1738 1805 1803 Petro
1826 1738 1972 1803 Jensson

304 1858 450 1924 bundoni
479 1857 512 1920 in
534 1853 688 1942 parochia
711 1852 870 1940 Stadorp,
899 1875 939 1917 ac
961 1853 1082 1918 seniori
1103 1854 1169 1919 filio
1193 1856 1262 1920 eius
1284 1856 1386 1921 Paulo
1410 1856 1612 1944 supradicto,
1635 1858 1691 1944 jus
1712 1865 1905 1944 patronatus
1927 1855 1971 1920 ad

302 1978 406 2043 dictos
428 1974 652 2040 canonicatum
676 1981 709 2036 et
728 1970 946 2058 prebendam,
970 1972 1125 2058 quociens
1147 1977 1350 2059 vacauerint,
1380 1998 1423 2040 ex
1445 1978 1558 2061 gracia
1580 1974 1730 2063 speciali,
1758 1983 1795 2057 vt
1817 1997 1856 2040 eo
1878 1973 1970 2040 fauo-

215 2144 218 2154 .
299 2095 469 2161 nobiliores
492 2093 556 2156 sint
584 2088 739 2174 ecclesie,
765 2089 979 2154 reseruando.
1022 2090 1073 2156 Ita
1094 2099 1220 2177 tamen,
1248 2093 1352 2180 quod,
1381 2094 1530 2159 omnibus
1558 2096 1628 2160 istis
1662 2093 1838 2176 defunctis,
1870 2091 1972 2180 plena

302 2212 476 2300 disposicio
511 2211 719 2276 canonicatus
753 2217 787 2274 et
817 2209 986 2295 prebende
1020 2209 1238 2296 predictorum
1271 2222 1402 2305 maneat
1437 2213 1525 2299 apud
1556 2214 1733 2308 Dominum
1765 2212 1968 2300 Episcopum

301 2332 540 2399 Sleevicensem
567 2349 627 2415 pro
656 2337 806 2415 tempore
832 2336 865 2392 et
888 2327 1072 2415 Capitulum
1100 2328 1383 2416 Hadereleuense,
1413 2331 1464 2396 Ita
1490 2339 1614 2417 tamen,
1648 2329 1736 2419 quod
1766 2333 1794 2396 si
1820 2341 1970 2418 tempore

299 2450 485 2518 vocacionis
509 2446 688 2512 eorundem
709 2445 807 2511 fuerit
827 2445 945 2532 aliquis
968 2445 1010 2510 de
1033 2449 1314 2533 consanguinitate
1335 2426 1415 2516 dicti
1434 2450 1555 2516 domini
1570 2450 1705 2516 Andree
1727 2448 1908 2516 fundatoris
1931 2470 1971 2512 ac

299 2569 407 2636 fratris
435 2568 485 2632 sui
511 2564 733 2654 predictorum
758 2563 909 2651 ydoneus
939 2565 982 2629 ad
1015 2562 1198 2630 huiusmodi
1232 2566 1465 2634 canonicatum
1499 2577 1532 2634 et
1558 2567 1763 2656 prebendam
1795 2589 1899 2656 usque
1927 2564 1971 2632 ad

301 2697 450 2776 quartum
472 2683 761 2771 consanguinitatis
783 2681 837 2747 uel
858 2682 1026 2748 affinitatis
1048 2683 1196 2770 gradum,
1219 2695 1253 2752 et
1273 2686 1335 2752 hoc
1356 2686 1518 2754 humiliter
1540 2689 1679 2774 petierit,
1701 2687 1784 2752 Aliis
1802 2685 1970 2751 extraneis

301 2809 335 2872 in
356 2804 561 2870 assecutione
584 2803 793 2867 canonicatus
816 2809 849 2865 et
870 2799 1041 2888 prebende
1063 2803 1283 2888 predictorum
1305 2806 1498 2892 preferatur.
1538 2806 1736 2896 Debentque
1760 2805 1838 2870 dicti
1862 2805 1969 2869 Cano·

300 2907 426 2990 nicatue
449 2932 482 2988 et
502 2919 673 3008 prebenda
696 2941 769 2986 esse
792 2918 936 3002 distincti
958 2919 1000 2984 ab
1023 2919 1094 2984 aliis
1117 2924 1359 2990 canonicatibus
1383 2935 1416 2990 et
1436 2924 1627 3012 prebendis,
1660 2925 1706 2990 ita
1736 2921 1823 3012 quod
1844 2918 1971 2986 habene

300 3043 373 3108 illos
395 3063 460 3107 non
483 3040 692 3126 consequitur
713 3039 869 3104 maiorem
893 3059 952 3102 sua
974 3037 1116 3124 dimissa,
1134 3039 1194 3104 sed
1211 3051 1381 3138 contentus
1398 3042 1556 3108 fructibus
1573 3042 1730 3108 dictarum
1752 3041 1973 3129 quadringen-

301 3171 407 3226 tarum
428 3179 610 3224 marcarum
632 3167 666 3222 et
687 3157 759 3222 aliis
781 3155 965 3222 redditibus
986 3156 1070 3223 forte
1093 3159 1136 3223 ad
1158 3181 1214 3224 eos
1238 3158 1279 3224 de
1301 3182 1387 3226 nouo
1408 3161 1613 3249 deputandis.
1645 3159 1838 3226 Ascendere
1860 3167 1970 3224 tamen

301 3280 422 3367 poterit
440 3279 474 3342 in
496 3275 590 3341 stallo
615 3275 706 3341 chori
728 3285 761 3340 et
782 3274 854 3340 loco
877 3276 912 3340 in
933 3275 1085 3364 capitulo.
1125 3276 1357 3367 Teneaturque
1380 3280 1485 3346 dictus
1507 3281 1692 3366 canonicus,
1715 3280 1762 3344 sic
1784 3286 1820 3343 ut
1840 3277 1973 3364 premit·

301 3398 378 3464 titur
400 3393 637 3482 prebendetus,
672 3394 842 3460 actualiter
864 3395 952 3459 circa
985 3395 1156 3461 eeclesiam
1184 3397 1484 3465 Hadersleuensem
1518 3409 1551 3466 et
1576 3398 1792 3486 personaliter
1824 3385 1971 3461 r'esidere

303 3526 337 3581 et
358 3513 524 3579 desereire
548 3514 635 3578 omni
658 3513 727 3596 die,
754 3521 853 3600 prout
874 3522 1002 3598 spectat
1031 3513 1074 3580 ad
1104 3517 1328 3582 canonicatum
1349 3518 1667 3602 Haderelenensem,
1693 3517 1758 3582 nisi
1786 3514 1828 3579 de
1857 3513 1971 3600 gracia

303 3632 453 3721 speciali,
475 3653 548 3696 cnm
570 3631 679 3718 aliquo
702 3630 800 3696 docili
820 3632 855 3696 in
875 3629 1041 3697 literarum
1068 3635 1210 3700 sciencia
1230 3636 1265 3700 in
1287 3637 1393 3702 studio
1414 3636 1621 3724 priuilegiato
1648 3635 1810 3724 proficere
1838 3631 1972 3714 volenti,

304 3753 400 3818 fuerit
421 3749 465 3815 ad
486 3750 680 3814 tricennium
702 3759 826 3816 tantum
849 3749 1083 3836 dispensatum.
1135 3754 1290 3842 Alioquin
1311 3777 1377 3820 non
1398 3755 1548 3821 residens
1574 3764 1650 3844 post
1670 3763 1797 3820 ternam
1818 3749 1974 3816 monicia-

304 3893 379 3935 nem
401 3870 434 3934 in
456 3869 589 3956 propria
610 3889 767 3954 persona,
802 3870 829 3934 si
855 3869 890 3933 in
912 3870 1043 3935 ciuitate
1067 3881 1123 3936 aut
1146 3871 1270 3938 diocesi
1291 3873 1500 3940 Slesvicensi
1520 3875 1632 3959 fuerit,
1665 3874 1694 3938 si
1716 3881 1811 3936 extra
1839 3867 1973 3934 easdem

257 3973 262 3988 l
305 3989 419 4072 fuerit,
451 4008 511 4075 per
539 3987 680 4052 edictum
708 3988 742 4050 in
767 3986 873 4053 valuis
902 3987 1041 4053 ecclesie
1064 3990 1338 4058 Hedersleuensis
1364 3993 1483 4058 factam
1513 4003 1548 4058 et
1572 3993 1658 4058 infra
1683 3959 1855 4056 terminum
1878 3986 1974 4050 trium

305 4108 465 4171 mensium
488 4105 549 4171 sibi
571 4105 799 4193 prefigendum
820 4126 887 4171 non
908 4106 1032 4192 fecerit,
1053 4117 1090 4174 ut
1109 4111 1320 4196 premittitur,
1346 4110 1562 4178 residentiam
1584 4108 1804 4197 personalem,
1838 4126 1878 4170 eo
1899 4106 1973 4192 ipso

306 4225 402 4290 cadat
424 4247 445 4289 a
461 4225 537 4312 jure
560 4242 644 4308 suo,
665 4223 753 4311 quod
774 4225 808 4288 in
830 4223 925 4289 dictis
948 4229 1142 4294 canonicatu
1164 4238 1197 4294 et
1217 4229 1387 4316 prebenda
1407 4228 1551 4320 habebat
1573 4239 1605 4295 et
1625 4228 1727 4294 libere
1749 4225 1844 4292 alteri
1866 4223 1945 4290 conf
1964 4263 1975 4274 ·

304 4353 416 4408 rantur
437 4343 560 4408 volenti
581 4342 727 4408 residere
751 4349 784 4406 et
806 4341 989 4427 deseruire,
1020 4353 1056 4410 ut
1076 4347 1287 4434 premittitur,
1320 4348 1455 4435 singulis
1484 4348 1600 4415 diebus
1627 4347 1759 4413 veneris
1784 4346 1820 4409 in
1848 4343 1973 4410 honore

305 4463 446 4549 quinque
469 4460 637 4526 vulnerum
661 4461 761 4526 Cristi
782 4461 815 4524 in
837 4460 931 4526 altari
958 4462 1122 4549 predicto,
1155 4465 1190 4530 in
1217 4465 1348 4532 laudem
1377 4475 1411 4532 et
1436 4468 1688 4532 veneracionem
1716 4471 1828 4528 sancte
1857 4460 1972 4543 crucis,

304 4578 392 4646 beati
420 4581 512 4647 Petri
542 4578 679 4666 apostoli
713 4588 962 4668 senctmumque
985 4581 1138 4648 Eliuabet
1170 4593 1203 4650 et
1234 4585 1372 4671 Birgitte
1405 4585 1578 4651 viduarum
1614 4590 1822 4664 consecrato,
1854 4580 1971 4644 misem

306 4698 527 4786 sollempniter
549 4697 725 4764 decantare
748 4699 931 4786 ceterisque
955 4699 1070 4766 diebus
1092 4701 1217 4766 festiuis
1240 4714 1296 4769 aut
1316 4703 1501 4788 ferialibus,
1529 4703 1592 4769 dec
1615 4701 1809 4788 inspirante,
1832 4698 1909 4764 dum
1930 4697 1973 4764 ad

306 4815 538 4882 celebrandum
560 4827 653 4904 aptus
675 4817 787 4902 fuerit,
821 4817 908 4904 apud
932 4817 1053 4884 dictum
1076 4819 1177 4884 altare
1199 4822 1331 4888 missam
1359 4822 1470 4908 legere
1500 4823 1542 4888 sit
1574 4820 1741 4903 astrictus,
1775 4840 1814 4882 ac
1836 4817 1973 4903 singulis

306 4932 422 5000 diebus
448 4936 555 5000 missis
585 4945 619 5001 et
648 4937 795 5022 vesperis
822 4939 993 5002 interesse.
1037 4938 1159 5004 Datum
1186 4939 1415 5027 Had'ereleuis,
1447 4943 1481 5007 in
1509 4941 1582 5006 loco
1608 4937 1780 5026 capitulari
1808 4944 1976 5018 consueto,

305 5052 401 5116 Anno
419 5051 552 5118 Domini
567 5053 739 5120 Millesimo
763 5053 1084 5142 quadringentesimo
1108 5059 1378 5146 quinquagesimo
1400 5061 1515 5148 primo,
1536 5059 1620 5124 feria
1641 5067 1736 5124 sexta
1757 5065 1833 5144 post
1853 5053 1978 5120 festum
2098 5127 2102 5134 ,

343 5323 365 5388 ¹)
380 5321 510 5376 Omissum
522 5335 634 5378 menan.

1748 5444 1789 5498 4*
