5156 6424
692 713 735 780 32

652 917 890 982 Canonicorum
917 913 1134 978 residencium
1161 913 1380 999 predictorum
1408 922 1568 1002 perpetua
1595 913 1730 980 vtilitatc
1758 914 1820 980 bac
1846 917 1919 980 vioe
1953 915 2072 980 exinde
2101 925 2317 981 consecutura

650 1083 660 1102 .
684 1085 691 1100 .
717 1083 724 1100 .
749 1083 757 1098 .
779 1056 851 1099 mus
872 1041 1031 1120 perpetuo
1054 1030 1177 1096 eisdem
1200 1030 1334 1096 duanam
1357 1055 1539 1100 marcarum
1565 1032 1711 1100 redditus
1738 1034 1772 1098 in
1793 1033 1925 1119 triginta
1945 1035 2063 1099 marcis
2084 1032 2312 1118 lubicensibns,

651 1175 732 1242 quas
756 1151 881 1218 eisdem
907 1151 940 1216 in
967 1125 1118 1237 prompta
1145 1153 1284 1238 pecunia
1311 1152 1585 1236 presentauimus,
1619 1152 1666 1216 sio
1699 1151 1788 1238 quod
1820 1150 2003 1218 huiusmodi
2037 1151 2101 1218 dus
2129 1173 2239 1216 marce
2272 1151 2314 1216 di-

650 1270 753 1338 stribu
776 1317 978 1336 .......
1002 1271 1158 1335 canonico
1177 1268 1355 1334 celebranti
1372 1269 1504 1334 missam
1522 1269 1564 1334 ad
1583 1291 1740 1334 summum
1759 1269 1859 1336 altare
1883 1317 2021 1336 .....
2043 1271 2077 1335 in
2099 1272 2262 1336 matutinis
2284 1279 2314 1335 et

649 1391 799 1478 vesperis
822 1389 908 1452 omni
931 1387 983 1452 die
1005 1409 1089 1453 unus
1106 1387 1227 1454 solidus
1244 1383 1430 1453 lubicensis.
1464 1386 1503 1450 In
1520 1407 1656 1474 quorum
1674 1390 1815 1453 omnium
1832 1398 1866 1453 et
1881 1388 2081 1474 singulorum
2098 1391 2313 1454 testimoninm

649 1517 819 1597 presentes
838 1507 949 1572 literas
966 1527 1027 1593 per
1037 1505 1206 1570 Notarium
1223 1515 1369 1570 nostrum
1386 1503 1551 1591 publicum
1562 1505 1801 1593 infrascriptum
1819 1508 1981 1574 subscribi
1995 1509 2163 1595 nostrique
2179 1507 2313 1572 fecimus

652 1626 750 1713 sigilli
782 1625 981 1714 appensione
1016 1625 1215 1689 communiri.
1263 1624 1309 1690 Et
1340 1645 1401 1688 nos
1424 1622 1563 1708 Tymmo
1597 1623 1772 1688 smalstede
1796 1625 1920 1690 Cantor
1940 1635 2107 1714 totumque
2131 1624 2314 1712 Capitulum

595 1769 600 1782 ·
649 1744 916 1812 Hadsrsleuense
945 1741 1083 1830 predicti
1111 1741 1332 1829 capitulariter
1363 1744 1534 1807 conuocati
1562 1752 1595 1807 et
1624 1745 1815 1828 congregati
1842 1745 2002 1830 premissa
2029 1745 2137 1810 omnia
2163 1753 2313 1830 tanquam

651 1861 736 1931 iusta
757 1863 848 1928 vtilia
871 1871 904 1927 et
924 1861 1042 1927 rationi
1063 1882 1206 1926 consona
1228 1859 1446 1948 approbamus
1470 1871 1504 1926 et
1526 1883 1567 1926 ea
1588 1863 1635 1926 sic
1651 1862 1723 1926 lieri
1741 1860 1888 1928 volumus
1906 1863 2075 1928 statuimus
2098 1863 2314 1927 consentimus

651 1994 684 2048 et
706 1980 902 2047 ordinamus.
945 1981 983 2044 In
1012 1981 1102 2048 cuius
1129 1980 1179 2044 rei
1204 1979 1423 2046 testimonium
1453 1981 1557 2044 eciam
1581 1979 1728 2066 Sigillum
1757 1989 1903 2045 nostmm
1930 1979 2136 2068 presentibus
2165 1979 2314 2045 duximus

652 2100 913 2188 appendendum.
957 2099 1079 2164 Datum
1102 2107 1135 2162 et
1157 2107 1263 2163 actum
1284 2099 1319 2162 in
1346 2097 1418 2162 loco
1444 2097 1624 2184 Capitulari
1656 2096 1740 2164 dicte
1764 2099 1902 2165 ecclesie
1924 2099 2197 2164 Hedersleuensis
2219 2102 2313 2163 Anno

653 2219 787 2287 Domini
819 2217 988 2282 millesimo
1023 2216 1343 2305 quadringentesimo
1371 2217 1641 2304 quinquagesimo
1669 2229 1763 2282 sexto
1792 2217 1845 2282 die
1873 2221 1984 2284 martis
2011 2228 2087 2305 post
2112 2218 2314 2283 Dominicam

650 2337 900 2425 quadragesime
924 2357 989 2422 qua
1011 2345 1159 2401 cantatur
1180 2358 1240 2422 pro
1264 2336 1370 2401 officio
1387 2337 1486 2400 misse
1503 2335 1687 2419 dnuocauit,
1709 2335 1916 2423 presentibus
1933 2336 2055 2402 ibidem
2071 2335 2314 2402 honorabilibus

651 2455 788 2520 dominis
812 2453 934 2521 Ottone
957 2452 1059 2518 drake
1083 2462 1116 2518 et
1136 2454 1285 2521 Johanne
1307 2453 1443 2519 wilmari
1467 2453 1642 2520 Canonicis
1671 2453 1809 2520 ecclesis
1831 2455 1979 2542 predicte
2007 2454 2144 2520 testibus
2172 2454 2215 2520 ad
2245 2475 2310 2542 pre·

651 2575 751 2639 missa
771 2574 895 2640 vocatis
918 2582 952 2638 et
972 2573 1146 2660 requisitis.

802 2693 846 2757 Et
870 2713 933 2777 ego
956 2692 1109 2756 Hinricus
1136 2690 1242 2776 krogb
1265 2690 1413 2757 Clericus
1436 2689 1660 2756 Sleswicensis
1688 2691 1828 2756 diocesis
1857 2690 2006 2778 publicus
2033 2712 2128 2756 sacra
2147 2691 2315 2779 Jmperiali

652 2811 843 2876 auctoritate
866 2809 1035 2893 Notarius,
1069 2809 1154 2892 Quia
1174 2809 1392 2897 predictorum
1425 2809 1598 2874 donacioni
1626 2809 1826 2874 ordinacioni
1854 2817 1973 2875 statuto
1996 2817 2030 2874 et
2050 2810 2208 2876 voluntati
2230 2811 2316 2876 Dicti

651 2928 837 2994 Reuerendi
863 2928 897 2992 in
925 2927 1055 2993 Christo
1083 2929 1184 3016 patris
1213 2937 1245 2994 et
1273 2927 1393 2992 domini
1424 2926 1545 2992 domini
1572 2927 1699 2994 Nicolai
1720 2928 1877 3015 Episcopi
1900 2925 2123 2994 Sleswicensis
2155 2950 2218 2993 nec
2251 2950 2315 3012 nop

651 3045 852 3112 ordinacioui
875 3057 994 3129 statuto
1016 3046 1174 3112 voluntati
1195 3047 1431 3133 approbacioni
1448 3068 1487 3111 ao
1505 3047 1678 3111 consensui
1694 3045 1931 3112 honorabilium
1948 3045 2150 3111 dominorum
2165 3045 2315 3112 Conteris

653 3174 686 3230 et
710 3163 851 3251 Capituli
874 3164 1093 3251 predictorum
1116 3163 1329 3251 omnibusque
1351 3164 1422 3230 aliis
1446 3174 1479 3230 et
1500 3164 1635 3250 singulis
1667 3166 1850 3252 premissis,
1884 3164 1960 3229 dum
1988 3165 2034 3230 sic
2060 3175 2097 3230 ut
2123 3165 2317 3252 premittitur

650 3283 767 3348 fierent
789 3293 822 3348 et
844 3293 1035 3368 agerentur,
1056 3304 1194 3348 vnacum
1216 3284 1448 3369 prenominatis
1470 3283 1609 3354 testibus
1630 3304 1766 3370 presens
1788 3283 1934 3369 interlui,
1962 3305 2066 3380 eaque
2089 3285 2136 3348 sic
2157 3283 2231 3348 fieri
2251 3283 2316 3349 vidi

654 3411 687 3466 et
708 3401 827 3486 audiui,
850 3401 991 3489 ideoque
1013 3410 1185 3488 presentes
1206 3400 1315 3467 literas
1338 3400 1460 3487 Sigillis
1483 3401 1684 3466 dominorum
1700 3402 1858 3490 Episcopi
1880 3411 1913 3467 et
1935 3402 2077 3490 Capituli
2098 3404 2315 3490 predictorum

652 3518 809 3605 sigillatas
832 3518 1010 3606 subscripsi
1032 3528 1066 3584 et
1085 3521 1120 3584 in
1141 3519 1224 3584 banc
1251 3518 1413 3606 publicam
1439 3521 1576 3586 sormam
1597 3520 1728 3605 redegi,
1762 3521 1867 3602 Quam
1897 3521 1991 3606 signo
2021 3529 2053 3585 et
2079 3523 2211 3586 nominc
2239 3523 2317 3586 meis

652 3637 754 3702 solitis
777 3647 811 3703 et
832 3639 996 3702 consuetis
1019 3639 1155 3724 signaui,
1177 3637 1330 3703 infidam
1353 3647 1387 3703 et
1407 3639 1624 3704 testimonium
1648 3639 1789 3703 omnium
1810 3647 1843 3703 et
1865 3639 2064 3725 singulorum
2086 3642 2316 3727 premissorum

652 3763 787 3840 rogatus
809 3763 842 3819 el
862 3757 1048 3844 requisitus.
1408 3776 1480 3843 Orig.
1499 3793 1574 3844 perg.
1591 3777 1691 3844 laesum,
1709 3793 1768 3828 cum
1785 3778 1861 3845 signo
1878 3779 2007 3848 notarisll,
2025 3779 2112 3847 sigilla
2127 3793 2198 3829 nnnc
2216 3778 2318 3830 desunt.

1458 4164 1511 4220 88.

954 4296 1092 4362 &lotus
1109 4319 1199 4384 popo
1220 4296 1378 4384 confirmat
1394 4299 1563 4385 prsbileps'o
1590 4298 1732 4384 Capituli
1750 4298 2031 4364 Hadaralevionrr'a.

2032 4456 2111 4520 nse,
2128 4457 2162 4506 aa
2179 4453 2251 4508 runt

805 4585 946 4652 Calistus
967 4587 1140 4674 episcopus
1163 4607 1277 4652 seruus
1300 4608 1469 4653 seruorum
1492 4587 1546 4652 dei
1567 4587 1705 4652 Dilectis
1727 4586 1802 4672 filijs
1826 4586 1959 4653 Cantori
1988 4596 2021 4652 et
2043 4587 2194 4676 Capitulo
2217 4587 2317 4654 eccle·

654 4725 701 4770 ue
722 4702 819 4769 beate
842 4705 945 4769 Mario
967 4704 1240 4770 Hadersleuensis
1258 4704 1482 4771 sleswicensis
1505 4705 1646 4772 diocesis
1665 4705 1810 4772 Salutem
1833 4718 1866 4772 et
1887 4705 2099 4793 apostolicam
2120 4706 2318 4774 benedictio·

652 4845 737 4887 nem.
784 4821 867 4888 Cum
889 4845 910 4887 a
930 4822 1025 4888 nobis
1048 4823 1182 4909 petitur,
1209 4823 1298 4910 quod
1324 4826 1442 4890 iustum
1472 4834 1523 4890 est
1545 4835 1579 4890 et
1606 4824 1794 4909 honesturn,
1827 4835 1892 4890 tam
1926 4825 2020 4909 uigor
2042 4826 2192 4911 equitatis
2221 4845 2316 4912 quam

653 4939 733 5004 ordo
757 4917 860 5026 exigit
881 4943 1036 5024 racionis,
1066 4949 1101 5006 ut
1129 4941 1163 5006 id
1185 4965 1244 5028 per
1266 4942 1504 5009 solicitudinem
1526 4943 1624 5029 officij
1648 4946 1752 5010 nostri
1773 4943 1816 5009 ad
1839 4941 1983 5008 debitum
2004 4943 2203 5030 perducatur
2224 4943 2318 5007 effec-

651 5068 729 5123 tum.
774 5059 963 5146 Eapropter
984 5057 1093 5124 dilecti
1115 5059 1150 5124 in
1173 5058 1303 5126 domino
1325 5061 1382 5149 filij
1405 5063 1523 5128 uesmis
1546 5063 1638 5127 iustis
1667 5061 1943 5150 postulacionibus
1971 5073 2064 5148 grato
2088 5069 2317 5127 consumentes

653 5199 800 5262 assensu,
822 5199 935 5243 omnes
956 5177 1124 5243 libertates
1148 5187 1181 5243 et
1202 5179 1429 5263 immunitates,
1451 5203 1472 5246 a
1492 5179 1783 5267 predecessoribus
1800 5183 1919 5247 nosuis
1936 5181 2089 5245 Romanis
2107 5177 2318 5245 Pontificibus

653 5297 722 5361 siue
744 5317 804 5383 per
825 5295 997 5384 priuilegia
1017 5296 1072 5362 uel
1093 5295 1158 5362 alia
1178 5297 1303 5364 indulta
1324 5297 1418 5364 uobis
1441 5307 1475 5364 et
1497 5298 1635 5365 ecclesie
1657 5309 1769 5364 uestro
1791 5321 1982 5384 concessas,
2014 5321 2078 5364 nec
2102 5319 2169 5363 non
2190 5297 2321 5363 liberta-
