5156 6424
1874 680 1914 746 41

303 885 467 952 uerendus
488 887 521 951 in
545 885 652 953 cristo
684 895 778 972 pater
811 893 844 950 et
877 883 1025 950 dominus
1055 855 1168 950 noster
1195 882 1374 968 gratiosus,
1406 881 1566 947 Dominus
1594 881 1747 948 Nicolaus
1775 881 1959 970 Episcopus

301 1005 526 1074 sleswicensis
547 1003 590 1068 ad
612 1004 886 1070 sustentacionem
915 1001 992 1068 dicti
1012 1002 1177 1086 Magistri,
1209 1023 1282 1067 cum
1310 1023 1384 1066 cum
1411 999 1634 1086 habuerimus,
1667 1003 1883 1088 suscepimus,
1916 1002 1961 1068 Et

300 1135 336 1190 vt
357 1121 465 1190 eidem
487 1123 617 1188 domino
639 1121 770 1187 Lectori
792 1123 861 1187 siue
882 1121 1040 1206 Magistro
1064 1119 1282 1186 canonicatus
1305 1128 1338 1185 et
1358 1117 1525 1207 prebende
1548 1128 1622 1184 actu
1643 1141 1703 1206 per
1719 1128 1856 1185 mortem
1873 1119 1960 1186 bone

300 1241 541 1308 recordacionis
575 1241 705 1306 Domini
733 1241 924 1328 Tymmouis
956 1237 1155 1322 Smalstede,
1188 1236 1351 1325 quondam
1380 1237 1529 1304 cantoris
1563 1247 1596 1303 et
1630 1236 1786 1302 canonici
1806 1236 1961 1303 'Haders-

300 1360 452 1443 leuensis,
473 1370 629 1425 vacantes
649 1367 867 1443 reseruentur,
890 1357 1111 1424 consensimus
1132 1377 1172 1422 ac
1191 1377 1253 1442 per
1273 1367 1444 1442 presentes
1465 1359 1699 1440 consentimus,
1729 1378 1801 1421 eum
1824 1379 1961 1444 corpore

301 1477 469 1566 prebende
498 1500 563 1543 vno
597 1477 638 1543 de
671 1476 873 1561 melioribus,
906 1474 994 1564 quod
1022 1474 1176 1542 videlicet
1206 1497 1291 1540 nunc
1321 1473 1445 1540 obtinet
1473 1475 1633 1540 Dominus
1662 1475 1824 1540 Henricus
1845 1475 1961 1560 Krogh

303 1597 550 1664 concanonicus
572 1606 697 1680 noster,
730 1597 880 1661 situatum
901 1594 934 1658 in
955 1593 1106 1681 Kirstorp
1127 1592 1282 1680 parochio
1305 1591 1478 1680 Wilstorp,
1512 1592 1685 1660 dummodo
1715 1601 1748 1658 et
1776 1615 1871 1682 quam
1899 1595 1963 1680 pri·

301 1737 388 1780 mum
415 1715 520 1801 ipsum
541 1736 659 1780 vacare
691 1713 863 1800 contigerit
890 1713 959 1778 siue
987 1732 1048 1799 per
1079 1721 1219 1778 mortem
1249 1713 1350 1798 ipsius
1383 1711 1503 1778 domini
1529 1711 1665 1777 Henrici
1692 1711 1745 1777 vel
1773 1714 1875 1778 eciam
1901 1735 1963 1801 per

305 1834 475 1920 opcionem
497 1833 599 1919 ipsius
622 1831 773 1926 adalind
795 1852 923 1919 corpus.
966 1828 1098 1898 Habeat
1125 1832 1228 1896 eciam
1256 1830 1361 1896 dictus
1381 1830 1540 1916 Magister
1569 1831 1638 1896 siue
1660 1831 1779 1896 Lector
1800 1831 1908 1897 locum
1929 1832 1963 1897 in

305 1949 446 2038 capitulo
479 1958 512 2016 et
539 1950 666 2016 stallum
692 1951 727 2015 in
755 1923 853 2014 choro
881 1947 1066 2017 immediate
1094 1957 1170 2036 post
1198 1949 1373 2015 cantorem
1401 1959 1434 2014 et
1461 1949 1547 2014 vltra
1572 1950 1734 2014 seniorem
1762 1950 1962 2016 canonicum

303 2071 406 2158 ipsius
437 2068 588 2152 ecclesie,
628 2071 674 2135 ita
700 2077 808 2134 tamen
837 2067 926 2154 quod
955 2089 1028 2132 cum
1055 2068 1214 2154 Magister
1241 2070 1310 2133 siue
1338 2068 1458 2132 Lector
1485 2067 1669 2132 huiusmodi
1697 2077 1832 2154 rogatus
1858 2068 1963 2153 fuerit,

302 2198 397 2276 gerat
419 2198 452 2253 et
479 2187 630 2254 sollicitat
656 2187 795 2273 negocia
818 2186 959 2274 Capituli
989 2196 1022 2253 et
1050 2185 1187 2255 ecclesie
1215 2185 1410 2273 supradicte.
1454 2186 1605 2252 Verbum
1624 2186 1678 2251 dei
1699 2188 1808 2252 eciam
1837 2187 1962 2252 festinis

304 2306 434 2391 diebus,
462 2304 580 2394 quibus
601 2305 759 2372 canonici
782 2315 856 2371 sunt
876 2314 1046 2390 regentes,
1080 2303 1253 2370 dummodo
1275 2325 1335 2390 per
1358 2304 1557 2372 canonicum
1579 2304 1622 2370 ad
1644 2327 1739 2392 quem
1763 2285 1868 2372 sermo
1890 2327 1963 2392 per-

304 2427 386 2492 tinet
406 2423 448 2489 ad
471 2433 544 2488 octo
568 2422 637 2488 dies
659 2433 737 2489 ante
758 2433 892 2510 rogatus
913 2425 1020 2508 hrerit,
1042 2445 1081 2490 ec
1103 2422 1173 2488 aliis
1196 2422 1310 2489 diebus
1332 2445 1403 2488 cum
1427 2444 1447 2486 a
1469 2422 1710 2510 capitularibus
1731 2423 1829 2490 fuerit
1845 2423 1965 2511 suppli·

304 2553 411 2610 catum
433 2543 475 2606 ad
497 2541 650 2629 populum
672 2541 839 2629 praedicet.
882 2543 940 2608 Bis
970 2545 1072 2609 eciam
1103 2543 1189 2606 omni
1217 2543 1400 2629 septimana
1425 2562 1490 2606 non
1519 2541 1691 2629 impeditus
1713 2541 1886 2607 lectionem
1909 2549 1965 2606 aut

308 2660 508 2750 spiritualem
541 2659 805 2726 exhortacionem
832 2681 943 2728 coram
972 2659 1060 2726 clero
1087 2660 1194 2728 faciat.
1247 2644 1295 2725 Vt
1325 2659 1508 2724 huiusmodi
1539 2669 1605 2724 tam
1634 2660 1774 2726 salutare
1807 2682 1889 2748 opus
1921 2661 1965 2725 ad

308 2779 458 2844 effectum
492 2777 636 2842 debitum
663 2779 766 2864 possit
793 2777 928 2864 deduci,
960 2776 1095 2844 fundum
1127 2777 1345 2865 parochialem
1376 2779 1411 2842 in
1441 2777 1600 2844 occidenti
1627 2779 1776 2844 Ecclesia
1806 2779 1967 2860 situatum,

307 2919 380 2962 cum
403 2896 551 2961 omnibus
574 2897 640 2961 suis
663 2896 797 2962 edificiis
820 2906 853 2963 et
872 2898 1082 2984 pertinenciis
1103 2896 1145 2962 ad
1168 2895 1308 2960 officium
1328 2873 1452 2962 lecture
1475 2896 1621 2983 predicte
1644 2897 1685 2960 de
1705 2918 1867 2962 consensu
1890 2897 1968 2962 dicti

308 3015 430 3080 domini
457 3015 614 3101 Episcopi
648 3025 806 3100 perpetuo
836 3015 1025 3092 donauimus
1053 3037 1092 3080 ac
1119 3014 1276 3079 donamus
1303 3036 1363 3100 per
1396 3025 1576 3101 presentes.
1630 3014 1848 3080 Promittimus
1880 3014 1968 3080 bona

307 3133 372 3200 fide
394 3155 454 3220 pro
475 3131 571 3198 nobis
595 3141 627 3196 et
649 3131 891 3198 successoribus
912 3135 1032 3198 nostris
1054 3133 1214 3218 ordinare,
1237 3131 1325 3222 quod
1346 3133 1380 3198 in
1402 3132 1518 3198 eodem
1539 3132 1639 3198 fundo
1663 3133 1830 3198 edificetur
1853 3133 1967 3198 domus

307 3250 439 3339 lapidea
460 3273 533 3316 cum
555 3249 686 3316 cellario
709 3251 906 3316 testudinato
928 3253 962 3316 in
985 3251 1153 3317 altitudine
1175 3251 1259 3316 vltra
1282 3250 1446 3316 cellarium
1468 3275 1540 3317 cum
1564 3249 1691 3318 duobus
1722 3251 1817 3317 lobiis
1846 3252 1879 3316 in
1902 3251 1969 3316 lon·

308 3367 454 3456 gitudine
477 3369 610 3454 triginta
631 3391 692 3434 sex
713 3371 833 3456 pedum
864 3371 951 3436 etin
972 3369 1141 3436 latitudine
1162 3371 1278 3456 viginti
1299 3368 1434 3434 duorum
1456 3370 1586 3457 pedum.
1630 3371 1695 3435 Pro
1725 3371 1785 3435 biis
1814 3369 1969 3434 exhiben-

254 3527 256 3542 ι
310 3497 362 3553 tur
384 3486 426 3551 de
448 3485 572 3552 fabrica
593 3488 773 3553 materialia
794 3487 931 3554 laterum
954 3499 987 3555 et
1009 3490 1156 3555 cementi.
1200 3489 1315 3554 Dictus
1336 3509 1416 3553 vero
1438 3488 1559 3554 Lector
1579 3512 1639 3576 pro
1662 3499 1809 3576 tempore
1832 3485 1969 3551 eandem

310 3605 431 3670 curiam
454 3606 520 3670 suis
552 3608 705 3692 expensis
735 3617 855 3672 extunc
881 3618 1040 3695 perpetuo
1069 3609 1102 3672 in
1131 3629 1203 3672 esse
1236 3627 1432 3672 conseruare
1464 3617 1623 3673 teneatur.
1678 3607 1839 3693 Quodque
1873 3606 1970 3669 etiam

311 3723 388 3788 dicti
408 3723 567 3788 Lectores
595 3723 664 3788 siue
686 3723 835 3811 Magistri
863 3735 938 3813 post
966 3726 1086 3793 obitum
1115 3747 1206 3792 suum
1235 3725 1277 3790 de
1306 3725 1400 3792 bonis
1429 3727 1494 3790 suis
1521 3727 1709 3791 memoriam
1737 3725 1780 3790 ad
1807 3726 1910 3788 minus
1936 3723 1970 3787 in

312 3841 424 3907 valore
447 3842 580 3926 triginta
599 3864 781 3908 marcarum
802 3843 1031 3910 Lubicensium
1057 3845 1150 3910 sicuti
1171 3845 1272 3910 ceteri
1294 3844 1451 3909 canonici
1471 3843 1581 3909 facere
1603 3853 1785 3927 teneantur,
1806 3845 1834 3908 si
1855 3841 1971 3907 saltem

315 3959 463 4025 deductis
486 3958 603 4024 debitis
625 3970 750 4026 tantum
770 3961 804 4026 in
825 3961 920 4026 bonis
942 3961 1123 4047 habuerint,
1148 3963 1192 4027 Et
1215 3961 1256 4026 ob
1278 3962 1339 4026 hoc
1363 3961 1440 4026 dicti
1460 3961 1618 4027 Lectores
1640 3965 1709 4028 siue
1731 3963 1880 4048 Magistri
1901 3983 1972 4048 par-

313 4079 428 4164 ticipes
451 4099 524 4143 esse
548 4077 670 4144 debent
690 4080 725 4144 in
747 4079 894 4146 omnibus
920 4081 1084 4145 memoriis
1112 4081 1298 4147 solennibus
1327 4091 1360 4146 et
1385 4079 1587 4146 manualibus
1615 4081 1705 4147 chori
1738 4079 1973 4145 distribuoioni·

314 4195 385 4281 bus,
407 4195 501 4260 sicuti
523 4197 623 4261 ceteri
647 4196 813 4262 Canonici.
849 4198 1014 4264 Summam
1037 4199 1139 4263 eciam
1160 4199 1291 4263 missam
1313 4198 1552 4264 ebdomadatim
1575 4223 1647 4265 cum
1669 4199 1859 4264 visitacione
1882 4196 1972 4263 chori

314 4313 374 4378 sub
398 4313 613 4379 emolumento
643 4324 797 4382 consueto
826 4337 959 4380 seruare
987 4315 1108 4382 debent
1137 4325 1169 4384 et
1196 4315 1310 4381 altaria
1336 4319 1515 4403 respicere,
1549 4320 1575 4384 si
1606 4341 1669 4407 que
1697 4320 1744 4383 eis
1771 4317 1804 4381 in
1834 4316 1974 4380 ecclesia

314 4431 536 4515 conferantur,
571 4441 603 4496 et
631 4431 746 4497 diebus
773 4435 865 4498 festis
892 4435 1050 4500 interesse
1080 4433 1201 4499 debent
1227 4437 1332 4499 missis
1352 4446 1395 4500 'et
1415 4437 1677 4523 processionibus
1698 4439 1732 4501 in
1754 4435 1824 4502 aliis
1847 4433 1974 4517 diuinis,

315 4552 464 4616 si'causa
485 4548 582 4615 studii
598 4541 658 4614 'vel
679 4550 852 4617 lectionum
874 4552 1028 4619 absentes
1050 4553 1177 4636 fuerint,
1200 4563 1406 4619 excusantur.
1449 4555 1503 4619 Ad
1526 4576 1661 4642 cappam
1683 4555 1786 4620 eciam
1809 4552 1972 4619 choralem

315 4659 384 4734 sius
406 4670 576 4756 propinem
591 4669 690 4755 juxta
712 4679 830 4736 statuta
852 4668 1041 4736 soluendam
1062 4691 1128 4736 non
1150 4679 1335 4756 teneantur,
1363 4673 1423 4738 sed
1444 4672 1516 4739 loco
1540 4674 1624 4740 illius
1647 4695 1706 4761 pro
1730 4671 1974 4738 successoribus

315 4788 381 4870 suis
409 4785 525 4851 librum
554 4786 608 4850 vel
635 4785 736 4852 libros
764 4787 819 4854 vel
845 4787 940 4854 aliam
967 4810 1037 4853 rem
1065 4787 1185 4854 valoris
1213 4811 1274 4854 sex
1300 4813 1481 4858 marcarum
1508 4793 1663 4858 cedentes
1690 4791 1744 4856 vel
1775 4789 1974 4856 decedentes

314 4904 508 4992 relinquant.
552 4905 589 4970 In
612 4927 749 4992 quorum
771 4909 910 4973 omnium
932 4907 1030 4973 fidem
1054 4917 1087 4972 et
1108 4908 1326 4974 testimonium
1347 4921 1533 4996 presentem
1554 4911 1680 4977 literam
1706 4919 1850 4996 nostram
1878 4907 1975 4993 sigilli

315 5023 417 5087 nostri
446 5024 646 5110 appensione
669 5025 825 5110 jussimus
856 5027 1055 5091 communiri.
1110 5026 1231 5093 Datum
1253 5028 1443 5094 Hadersleff
1460 5032 1556 5096 Anno
1578 5030 1710 5096 Domini
1731 5029 1767 5094 M
1779 5026 1899 5093 cccc
1912 5025 1975 5091 LX

317 5142 438 5227 quinto,
462 5140 514 5206 die
535 5143 656 5224 martis,
670 5127 790 5228 'quinta
810 5146 931 5210 mensis
953 5144 1131 5210 Februarii.
1601 5167 1724 5233 (Regism
1743 5165 1840 5233 Capit)

381 5289 397 5330 u
411 5291 431 5330 a.
446 5291 456 5332 r
471 5291 493 5332 s.
507 5288 582 5338 trae),
615 5291 690 5342 τιιιις,
1107 5273 1108 5278 ’
1742 5285 1759 5338 6
