5002 6418
640 694 683 760 22

598 895 743 978 fratrum,
766 893 905 960 filiorum
926 891 1090 980 quondum
1113 893 1227 959 hinrici
1248 893 1367 978 militis,
1387 895 1422 960 iu
1435 893 1598 982 Toestorp
1620 895 1721 961 herde
1745 895 1880 979 situatis,
1902 903 1999 982 prout
2020 896 2053 960 in
2075 895 2189 960 litteris
2212 895 2265 961 de·

599 1035 698 1102 super
731 1012 887 1078 confectis
920 1011 1048 1099 plenius
1085 1013 1282 1079 continetur:
1314 1012 1460 1100 Ideoque
1495 1035 1539 1078 ex
1571 1013 1753 1079 huiusmodi
1783 1012 1964 1078 redditibus
1994 1023 2028 1079 et
2054 1013 2264 1100 prouentibus

598 1131 786 1200 melioribus
802 1130 900 1196 modo
917 1130 1022 1195 forma
1038 1137 1071 1194 et
1086 1151 1187 1194 causa
1205 1129 1321 1217 quibus
1338 1149 1521 1218 possumne,
1543 1131 1584 1196 dc
1607 1153 1770 1196 consensu
1793 1139 1826 1196 et
1844 1131 2009 1197 voluntate
2028 1131 2262 1198 honorabilium

600 1251 801 1318 dominorum
811 1247 981 1314 Michaelis
996 1249 1099 1334 ywari
1111 1249 1262 1314 Cantoris
1280 1271 1320 1315 ac
1336 1250 1440 1314 tocius
1454 1248 1878 1336 Capitulihadersleuensis,
1900 1250 2099 1316 instituimus
2117 1272 2262 1316 creamus

599 1392 639 1436 ac
655 1367 827 1434 fundamus
844 1389 941 1433 vnum
957 1375 1150 1454 perpetuam
1160 1367 1314 1432 vicariam
1331 1369 1365 1434 in
1378 1367 1464 1434 dicta
1481 1365 1622 1433 ecclesia
1640 1367 1681 1432 ad
1700 1367 1916 1432 edificandum
1934 1367 2036 1434 altare
2055 1371 2089 1433 in
2105 1391 2193 1434 noua
2205 1369 2265 1434 Oa

599 1485 686 1574 pella
704 1509 766 1574 que
784 1488 935 1575 proxima
958 1493 1008 1550 est
1025 1485 1113 1549 circa
1126 1484 1294 1572 Capellam
1314 1486 1477 1573 quondam
1493 1487 1652 1574 haynonis
1665 1486 1803 1552 Cramer
1821 1485 1864 1550 ad
1882 1487 2049 1570 orientem,
2069 1497 2137 1552 tam
2154 1509 2265 1552 conse-

600 1605 720 1672 cranda
744 1614 778 1670 et
799 1603 980 1670 dedicanda
1001 1605 1035 1668 in
1056 1605 1214 1670 honorem
1235 1606 1338 1668 sancti
1360 1606 1500 1691 spiritus,
1522 1613 1558 1670 ut
1581 1607 1652 1692 ipse
1674 1604 1805 1691 spiritus
1827 1613 1960 1670 sanctus
1980 1625 2040 1692 pro
2061 1625 2122 1672 uua
2142 1605 2267 1671 infinita

599 1724 745 1792 bonitate
767 1723 946 1788 clemencia
966 1732 1000 1788 et
1023 1708 1182 1788 suauitate
1208 1723 1355 1808 spiritum
1374 1725 1494 1788 erroris
1515 1733 1548 1789 ct
1574 1722 1735 1788 discordie
1761 1743 1781 1788 a
1799 1721 1955 1788 membris
1971 1721 2057 1788 dicte
2075 1724 2214 1790 ecclesie
2233 1733 2266 1790 et

598 1841 867 1910 inhabitatoribus
897 1841 986 1928 opidi
1015 1840 1287 1909 Hadersleucnsis
1314 1851 1473 1928 perpetuo
1503 1841 1680 1906 excludere
1709 1863 1749 1905 ac
1777 1841 1849 1926 ipsa
1874 1841 2023 1906 membra
2050 1864 2090 1907 ac
2110 1841 2266 1907 inhabita-

599 1973 688 2028 tores
710 1962 853 2027 enutritur
874 1958 1058 2026 habitacula
1078 1957 1217 2043 habere,
1250 1980 1355 2046 eaque
1384 1961 1417 2024 in
1446 1961 1569 2026 semitis
1592 1981 1723 2024 suorum
1744 1957 1970 2024 mandatorum
1993 1961 2128 2045 iugiter,
2161 1959 2266 2026 donec

601 2080 776 2146 eumfacie
793 2079 969 2144 adfaciem
986 2079 1021 2142 in
1039 2076 1151 2142 celesti
1161 2077 1346 2144 Jerusalem
1364 2077 1497 2142 videant
1515 2087 1548 2142 et
1570 2077 1700 2143 suanias
1718 2077 1903 2162 degustent,
1927 2076 2076 2164 derigere
2098 2075 2264 2164 dignatum

600 2220 728 2265 necnon
757 2199 858 2262 sancti
887 2195 1087 2263 Bartolomei
1112 2195 1264 2282 Apostoli
1296 2197 1400 2262 nostri
1429 2196 1632 2262 sanctissimi.
1689 2194 1913 2262 Oollacionem
1943 2217 2023 2260 vero
2052 2217 2091 2261 ac
2119 2199 2264 2283 quamuis

600 2317 696 2382 aliam
718 2316 969 2403 disposicionem
991 2315 1076 2380 dicte
1100 2313 1235 2402 Capelle
1259 2323 1292 2379 et
1312 2291 1481 2401 v(icai)ie,
1504 2335 1633 2380 necnon
1657 2314 1700 2379 ad
1722 2313 1860 2379 eandem
1882 2315 2102 2400 prouisionem
2124 2325 2158 2379 et
2177 2315 2265 2380 iusti-

599 2436 762 2500 tucionem
789 2435 831 2500 de
860 2455 1002 2520 persona
1026 2433 1159 2518 ydonee
1188 2440 1222 2497 ut
1254 2433 1339 2496 infra
1369 2431 1507 2497 habetur
1545 2431 1789 2518 qualiseandem
1822 2431 1918 2497 nobis
1955 2441 1989 2498 et
2022 2432 2264 2498 successoribus

599 2553 718 2620 nostris
738 2561 898 2640 perpetuo
964 2559 1142 2618 serumtes.
1187 2548 1344 2616 Volumus
1367 2560 1476 2616 autem
1499 2560 1533 2616 et
1555 2549 1756 2635 ordinamus,
1778 2562 1814 2616 nt
1836 2549 2018 2615 huiusmodi
2039 2551 2180 2616 vicarius
2203 2553 2266 2616 sin·

600 2672 685 2758 gulis
707 2671 823 2737 diebus
844 2671 1075 2758 Apostolorum
1097 2680 1130 2735 et
1149 2668 1325 2734 maioribus
1346 2669 1576 2735 festiditatibus
1599 2691 1639 2733 ac
1661 2668 1831 2734 dominicis
1850 2670 2022 2756 presertim
2038 2668 2123 2733 infra
2140 2669 2260 2756 pasche

602 2802 635 2857 et
662 2789 909 2878 penthecosten
934 2811 995 2877 per
1024 2789 1200 2856 aduentum
1229 2797 1262 2853 ct
1293 2786 1588 2874 Quadragcsimam
1616 2787 1737 2875 populo
1767 2787 1946 2872 vulgariter
1967 2789 2001 2852 in
2023 2786 2095 2852 loco
2119 2809 2264 2874 congruo

601 2911 635 2976 in
657 2908 797 2974 ecclesia
818 2914 873 2972 aut
894 2909 928 2972 in
946 2907 1080 2974 Ambitu
1101 2906 1359 2972 Hadersleucusi
1380 2906 1536 2993 predicet,
1558 2905 1616 2972 tali
1638 2927 1718 2990 ergo
1741 2906 1937 2988 conferatur,
1960 2907 2013 2992 quj
2038 2913 2195 2993 expertus
2217 2915 2267 2972 est

602 3037 636 3096 et
652 3027 837 3113 intelligens
858 3036 934 3092 actu
954 3027 1126 3114 presbiter,
1148 3025 1203 3091 vel
1231 3026 1285 3113 qui
1312 3025 1396 3090 infra
1418 3047 1537 3090 annum
1559 3023 1602 3089 ad
1625 3024 1850 3091 sacerdocium
1873 3035 2105 3110 promoueatur
2125 3034 2159 3089 et
2181 3025 2267 3090 circa

603 3146 742 3213 eandem
769 3145 916 3211 residere
948 3145 1116 3228 actualiter
1149 3154 1307 3211 teneatur.
1360 3144 1516 3232 Alioquin
1547 3153 1624 3230 post
1656 3144 1772 3208 binam
1794 3143 2017 3208 municionem·
2031 3143 2178 3229 priuetur
2199 3165 2260 3230 per

602 3276 730 3354 tempus
758 3285 818 3352 per
845 3263 1009 3330 domiuum
1030 3265 1232 3352 Episcopum
1253 3263 1377 3328 vicaria
1405 3269 1595 3328 memorata.
1652 3262 1818 3327 Tenentur
1853 3261 1957 3326 eciam
1990 3262 2124 3326 visitare
2158 3260 2268 3326 diutina

603 3383 696 3451 sicud
717 3383 781 3470 alij,
804 3391 837 3448 et
858 3383 1012 3469 precipue
1034 3403 1166 3469 semper
1188 3427 1306 3447 ......
1328 3382 1488 3446 interesse
1511 3379 1672 3446 cantando
1701 3378 1859 3466 obligatus
1882 3381 1938 3463 sit,
1960 3381 2022 3444 uisi
2044 3380 2150 3446 studio
2171 3380 2269 3446 fuerit

604 3511 789 3590 occupatus,
813 3523 876 3588 quo
899 3523 978 3566 casu
1003 3510 1177 3566 excusatus
1199 3509 1377 3568 remaneat.
1420 3499 1559 3586 Insuper
1581 3520 1624 3563 ex
1647 3499 1744 3564 certis
1765 3499 1871 3563 causis
1893 3499 2036 3563 animum
2056 3507 2204 3564 nostrum
2226 3497 2267 3563 ad

603 3623 666 3687 hoc
687 3630 858 3686 monentes
881 3620 1030 3686 volumus
1054 3630 1087 3686 et
1108 3620 1311 3701 ordinamus,
1334 3617 1423 3706 quod
1444 3617 1592 3682 redditus
1616 3627 1649 3682 et
1669 3626 1847 3704 prouentus
1871 3617 1956 3682 dicte
1979 3617 2119 3697 vicarie,
2141 3618 2175 3681 in
2195 3638 2269 3703 pre·

603 3740 671 3805 fata
693 3737 829 3826 Capella
855 3747 891 3804 ut
917 3740 1111 3825 premittitur
1139 3740 1173 3802 in
1200 3737 1357 3802 honorem
1386 3739 1490 3802 sancti
1520 3737 1650 3823 spiritus
1687 3745 1720 3801 et
1754 3737 1857 3802 sancti
1885 3735 2085 3801 Bartolomei
2118 3734 2269 3822 Apostoli

606 3861 710 3925 nostri
735 3857 884 3942 fundate,
920 3858 1079 3944 percipiat
1105 3855 1289 3922 laurencius
1316 3855 1443 3921 lenonis
1472 3855 1646 3920 canonicus
1674 3852 1937 3918 hadersleuensis
1960 3852 2097 3918 ecclesie
2120 3851 2265 3938 predicte

601 3979 730 4062 integre
753 3986 898 4062 tempore
922 3998 986 4064 quo
1009 3984 1084 4041 actu
1104 3974 1320 4040 reeidcnciam
1342 3973 1429 4058 facit,
1449 3975 1508 4040 sed
1526 3972 1667 4061 aliquem
1688 3971 1854 4058 ydoneum
1875 3971 2092 4059 presbiterum
2115 3969 2264 4036 ordinare

603 4105 766 4178 teneatur,
801 4096 855 4182 qui
883 4094 925 4159 ad
956 4096 1060 4159 minus
1081 4095 1115 4158 in
1136 4091 1369 4181 Apostolorum
1393 4101 1426 4156 et
1450 4091 1627 4157 maioribus
1648 4091 1878 4158 festiuitatibus
1900 4088 2021 4176 populo
2042 4087 2180 4153 verbum
2202 4087 2267 4152 Dei

603 4223 638 4279 ut
659 4213 853 4300 premittitur
874 4213 1031 4301 predicet,
1054 4221 1109 4278 aut
1131 4213 1235 4277 eciam
1255 4233 1316 4296 per
1338 4228 1374 4274 se
1396 4211 1502 4298 ipsum
1524 4211 1586 4275 hoc
1608 4211 1787 4298 adimplere
1811 4207 1974 4296 obligatus
1996 4207 2047 4271 sit.
2085 4205 2167 4272 Cum
2186 4225 2265 4270 vero

603 4340 678 4396 actu
699 4353 765 4396 non
786 4331 901 4396 fecerit
921 4331 1137 4396 residenciam
1160 4329 1219 4394 scd
1247 4329 1354 4396 studio
1376 4329 1524 4414 ins(isti)t
1546 4338 1579 4394 et
1601 4323 1674 4394 cum
1696 4327 1881 4414 hujusmodi
1902 4325 2120 4413 presbiterum
2143 4326 2170 4389 si
2192 4333 2267 4389 actu

603 4450 726 4516 residet
751 4472 816 4514 non
845 4449 1044 4516 ordinauerit
1069 4449 1124 4515 vel
1149 4473 1210 4537 per
1239 4470 1274 4514 se
1302 4451 1407 4536 ipsum
1436 4471 1518 4514 onus
1550 4469 1616 4512 non
1644 4447 1841 4534 expleuerit,
1874 4444 2083 4510 medietatem
2111 4442 2268 4508 duntaxat

604 4568 646 4634 de
668 4571 830 4634 vicariatis
852 4567 1034 4634 redditibus
1057 4579 1090 4634 et
1111 4568 1324 4656 prouentibus
1346 4569 1522 4654 percipiet,
1544 4565 1660 4632 Altera
1679 4587 1761 4630 vero
1783 4563 1941 4630 medietas
1965 4563 2105 4627 omnium
2128 4581 2266 4648 prouen-

603 4698 693 4754 tuum
716 4687 800 4752 dicte
823 4688 944 4753 vicarie
966 4709 1027 4774 per
1048 4688 1205 4753 vicarium
1228 4688 1255 4752 si
1276 4687 1374 4752 fuerit
1395 4685 1538 4769 leuetur,
1560 4685 1715 4772 Alioquin
1737 4705 1799 4771 per,
1820 4683 1986 4748 dominum
2008 4670 2185 4748 Oadtorcm
2206 4701 2265 4767 pro

602 4781 750 4894 tempore
771 4805 1059 4871 hadersleuensem
1081 4805 1251 4891 colligatur
1278 4813 1311 4870 et
1334 4805 1376 4869 de
1399 4805 1446 4868 eis
1468 4815 1566 4890 prout
1587 4802 1751 4868 sufficiunt
1772 4801 1956 4868 huiusmodi
1977 4799 2124 4864 redditus
2147 4797 2268 4864 dictum

603 4923 820 5012 presbiterum
849 4927 903 5014 quj
933 4923 1052 5011 populo
1083 4922 1231 5010 predicat
1258 4933 1414 5011 quantum
1435 4921 1525 4988 valet
1539 4929 1639 4986 curet
1661 4921 1829 5004 ordinare,
1862 4919 1928 4985 Aut
1949 4918 2065 4984 saltem
2087 4914 2268 4984 huiusmodi

604 5042 750 5108 redditus
773 5043 966 5130 colligantur
987 5041 1082 5107 simul
1104 5041 1209 5107 donec
1230 5063 1290 5130 pro
1313 5042 1361 5106 eis
1383 5042 1459 5127 nouj
1482 5039 1629 5106 redditus
1651 5061 1711 5127 pro
1734 5037 1873 5104 utilitate
1895 5037 2007 5122 vicarij
2033 5035 2119 5101 dicte
2145 5035 2266 5100 vicarie

604 5170 757 5247 poterunt
784 5163 974 5250 comparari.
1019 5161 1102 5228 Cum
1133 5170 1242 5226 autem
1268 5161 1372 5226 honor
1401 5159 1529 5225 virtutis
1558 5159 1599 5224 sit
1625 5159 1808 5245 praemium,
1841 5157 1883 5222 de
1911 5155 2006 5221 dictis
2035 5153 2268 5220 consuetudine

606 5288 639 5345 et
664 5279 830 5346 voluntate
859 5280 1044 5346 ordinamus
1073 5289 1107 5345 ct
1136 5281 1320 5365 sumimus,
1352 5288 1388 5346 ut
1416 5279 1556 5346 vicarius
1578 5299 1647 5364 pro
1668 5286 1815 5362 tempore
1843 5285 2020 5340 memorate
2046 5274 2168 5340 vicarie
2199 5273 2269 5338 sine
