5032 6418
1821 681 1864 748 53
1980 757 1985 766 .

232 899 349 948 coram
371 901 411 947 eo
435 879 566 964 Scribe,
589 879 674 962 Quia
696 879 949 966 preinserterum
969 877 1241 944 Constitutionum
1264 885 1297 944 et
1321 877 1520 944 Statutorum
1545 879 1734 970 exhibitionj
1758 883 1905 970 petitionj

231 999 467 1086 approbationi
489 1007 522 1066 ct
545 997 677 1064 decreto
705 1019 744 1064 ac
772 999 972 1064 auctoritatis
995 996 1158 1062 ordinarie
1176 997 1419 1085 juterpositionj
1449 995 1673 1087 Omnibusque
1696 1001 1768 1088 alijs
1792 1010 1824 1066 et
1846 1002 1909 1066 sin·

231 1117 323 1206 gulis
345 1119 513 1206 premissis
536 1117 612 1184 dum
635 1118 682 1184 sic
703 1127 739 1182 vt
759 1116 953 1204 premittitur
973 1115 1091 1182 fierent
1112 1125 1145 1180 ct
1166 1125 1343 1202 agerentur
1359 1137 1503 1181 unacum
1526 1119 1758 1203 prenominatis
1771 1117 1909 1184 testibus

232 1259 376 1324 presens
399 1245 433 1302 et
454 1235 669 1324 personaliter
686 1236 823 1322 jnterfui
845 1233 960 1322 anue
989 1236 1097 1300 omnia
1119 1244 1151 1299 st
1180 1233 1308 1320 singula
1339 1236 1386 1300 sio
1413 1234 1484 1300 ficri
1512 1234 1581 1300 vidi
1609 1247 1642 1302 et
1668 1237 1777 1324 audiuj
1807 1259 1846 1304 ac
1875 1233 1909 1325 jn

233 1363 350 1422 notam
373 1355 513 1442 sumpsi,
535 1353 679 1441 Ideoque
702 1376 840 1441 presens
861 1353 1026 1441 publicum
1043 1354 1314 1440 jnstrumentum,
1338 1353 1437 1420 Manu
1461 1352 1592 1421 alterius
1615 1356 1680 1439 (me
1699 1356 1772 1443 alijs
1793 1377 1909 1443 prepe-
1955 1359 1958 1366 '

235 1472 310 1540 dito
334 1473 492 1560 negotijs)
513 1473 654 1539 fideliter
676 1474 840 1560 seriptum,
863 1473 983 1538 exinde
1006 1472 1133 1538 confeci
1155 1469 1331 1558 subscripsi
1353 1471 1516 1558 publicauj
1541 1481 1574 1537 et
1595 1474 1627 1537 in
1646 1473 1729 1540 banc
1744 1474 1908 1563 publicam

233 1593 376 1658 formam
398 1592 515 1678 redegi
539 1591 706 1678 Signoquc
728 1593 859 1656 nomine
889 1601 922 1656 et
948 1590 1141 1675 cognomine
1163 1591 1245 1654 meis
1274 1588 1377 1654 solitis
1408 1598 1440 1654 et
1468 1593 1632 1658 consuetis
1654 1615 1792 1658 unacum
1814 1593 1908 1680 preli-

232 1710 307 1778 bati
329 1712 452 1778 domini
469 1711 626 1798 Episcopi
649 1718 682 1774 et
701 1707 842 1795 Capituli
862 1708 1047 1794 Sigillorum
1071 1709 1272 1794 appensione
1295 1709 1433 1794 signauj,
1450 1709 1490 1794 jn
1512 1709 1610 1774 fidem
1635 1719 1667 1774 et
1688 1712 1906 1777 testimonium

237 1830 384 1894 omnium
409 1838 442 1894 et
463 1827 662 1914 singulorum
684 1829 915 1914 premissorum
937 1837 1071 1913 rogatus
1094 1836 1128 1891 et
1148 1827 1332 1913 requisitus.

648 1981 721 2050 Orig.
739 1997 855 2050 pergam.
875 1997 933 2033 curn
951 1982 1037 2049 sigillo
1055 1981 1161 2048 capituli
1179 1989 1205 2032 et
1223 1984 1298 2050 signo
1317 1983 1452 2048 notariali;
1471 1984 1585 2050 sigillum
1604 1986 1721 2050 episcopi
1739 1999 1809 2036 nunc
1826 1984 1909 2036 deest.

1046 2249 1101 2306 40.

232 2389 351 2455 Liurae
372 2385 569 2452 Arcimbelde'
593 2386 699 2474 legam,
731 2385 844 2471 quibus
866 2385 1133 2472 preposituram
1155 2383 1349 2472 Burre'tsyeel
1369 2386 1568 2450 ceuoss'eatue'
1589 2399 1617 2450 et
1641 2385 1818 2472 praebenda
1839 2387 1906 2451 Ha·

535 2504 738 2570 &electensi
757 2504 929 2568 annectitur
949 2516 978 2566 et
998 2503 1033 2567 e'a
1055 2501 1220 2568 amandum
1237 2503 1442 2590 proelutmam
1465 2505 1604 2592 erigebas.

1598 2661 1673 2725 reri,
1693 2663 1724 2710 16
1742 2661 1838 2712 nom.

388 2794 555 2860 Johannes
577 2792 726 2878 Angelvs
748 2790 1002 2876 Arcemboldus‚
1035 2791 1124 2856 Juris
1152 2791 1329 2878 Utriusque
1351 2793 1493 2878 Ductor,
1524 2793 1714 2880 Prcpositus
1745 2794 1786 2860 de
1814 2795 1906 2860 Arci-

234 2921 320 2998 sate,
365 2911 461 2978 Sedis
493 2911 682 2998 Apostolice
716 2909 1000 2996 Protbonotarius‚
1043 2912 1095 2976 Ac
1123 2909 1323 2975 Sanctissimi
1355 2909 1399 2974 Jn
1428 2910 1557 2977 Christo
1579 2914 1681 2998 patris
1718 2923 1751 2978 et
1785 2911 1906 2978 domini

232 3031 338 3096 nostri
365 3030 487 3096 domini
516 3029 637 3094 Leonis
666 3030 777 3094 divina
804 3028 1010 3116 prouidentia
1036 3049 1122 3116 pape
1152 3027 1268 3092 decimi
1295 3027 1549 3096 Referendarius
1578 3031 1790 3116 domesticus,
1822 3031 1905 3096 Nec·

233 3173 299 3216 non
327 3151 362 3214 in
386 3147 575 3214 Coloniensi
597 3147 796 3214 Treuerensi
818 3146 1065 3232 saltzburgensi
1086 3146 1259 3212 Bremensi
1278 3147 1498 3214 Bisuntinensi
1526 3159 1559 3215 et
1580 3150 1754 3237 Upsalensi
1775 3151 1905 3237 provin-

233 3270 286 3334 tiis
308 3269 497 3354 Earumquc
521 3315 529 3332 .
553 3315 561 3332 .
583 3268 617 3331 in
640 3265 872 3332 Cameracensi
893 3265 1096 3330 Tornacensi
1117 3263 1296 3330 Morinensi
1316 3265 1527 3334 Atrebatensi
1551 3268 1738 3334 Caminensi
1767 3278 1800 3333 st
1827 3269 1901 3334 Mis

232 3387 329 3452 nensi
352 3384 544 3451 ciuitatibus
573 3396 606 3451 et
634 3383 819 3450 diocesibus
840 3385 1004 3470 Datieque
1033 3391 1067 3448 et
1088 3383 1263 3468 Norwegie
1285 3383 1408 3470 Regnis
1432 3384 1514 3451 Cum
1537 3395 1700 3474 potestate
1723 3385 1840 3472 Legati
1861 3386 1902 3454 de

232 3505 336 3574 latere
365 3506 523 3572 Nunctins
552 3515 586 3570 et
608 3503 857 3582 Commissarius
878 3501 1008 3566 Dilecto
1036 3499 1131 3566 nobis
1158 3499 1254 3588 u[iro]
1277 3501 1417 3590 Johannj
1441 3503 1548 3570 Wulff
1565 3505 1737 3592 Prepesito
1759 3505 1903 3571 Hedera-

232 3626 360 3692 leuensi
382 3623 462 3689 alias
484 3624 518 3688 in
540 3622 750 3688 Borchsusell
772 3620 996 3688 sleswicensis
1017 3619 1169 3684 Diocesis
1192 3618 1337 3686 Salutem
1359 3623 1391 3686 in
1413 3623 1566 3688 Domino.
1618 3623 1693 3688 Vite
1717 3645 1756 3688 ac
1776 3646 1902 3690 morum

232 3744 387 3810 honestas
410 3742 537 3828 aliaque
560 3739 737 3807 laudabilia
758 3739 928 3828 probitatis
951 3748 984 3804 et
1004 3739 1159 3804 virtutum
1180 3739 1311 3823 merita,
1347 3739 1470 3828 [s]uper
1493 3739 1610 3828 quibus
1632 3741 1721 3828 apud
1741 3763 1801 3808 nos
1823 3742 1902 3808 fide·

233 3861 333 3948 digno
357 3859 595 3926 commendaris
617 3859 817 3942 testimonio,
849 3879 910 3923 nos
937 3857 1094 3930 inducunt
1120 3865 1157 3922 vt
1182 3855 1241 3922 tibi
1268 3857 1491 3924 fauorabilitcr
1513 3859 1731 3925 concedamus
1754 3881 1817 3948 que
1839 3861 1902 3926 tuis

235 3976 518 4046 commoditatibus
540 3979 611 4042 fore
634 3977 850 4064 conspicimus
872 3984 1043 4063 oportuna.
1088 3975 1171 4041 Cum
1193 3976 1301 4062 itaque
1325 3977 1408 4041 sicut
1431 3977 1577 4042 exhibita
1598 3977 1693 4044 nobis
1715 4002 1820 4066 nuper
1840 4001 1901 4067 pro

232 4107 328 4185 parte
349 4105 406 4162 tua
426 4097 540 4184 petitio
563 4094 766 4178 continebat,
789 4093 887 4175 Quod
908 4102 943 4158 tu
966 4093 1063 4158 etiam
1087 4091 1320 4158 Canonioatsun
1344 4104 1376 4159 et
1397 4093 1600 4181 prebendam
1621 4097 1761 4162 maiores
1784 4099 1819 4164 iu
1840 4099 1902 4166 Eo-

232 4214 333 4282 clesia
361 4215 465 4282 Beate
499 4215 602 4280 Maris
631 4211 888 4278 Hedersleuensi
921 4211 1006 4277 dicte
1039 4195 1179 4277 diocesis
1213 4211 1341 4278 obtines
1375 4223 1407 4278 ct
1436 4213 1567 4278 domum
1595 4215 1665 4280 sius
1692 4215 1901 4282 residentiam

234 4333 465 4400 Canonicalem
494 4333 642 4404 eiusdem
663 4331 814 4397 Ecclesia
845 4329 1044 4418 possidendo
1067 4328 1226 4394 inhabitas
1249 4331 1384 4416 pacifice
1407 4340 1440 4396 et
1462 4332 1588 4418 quiete,
1609 4333 1801 4421 prefataque
1823 4335 1902 4400 Pre-

231 4452 380 4538 positura
401 4453 435 4515 in
456 4451 680 4536 Borchsusell,
717 4473 812 4537 quam
843 4449 988 4515 similiter
1017 4471 1089 4514 oum
1119 4447 1188 4511 eius
1218 4468 1355 4534 corpore
1377 4449 1571 4536 perrocbiali
1595 4450 1734 4516 eeclesia
1756 4453 1789 4520 in
1812 4451 1901 4540 Hop-

232 4577 327 4658 torpp
352 4568 459 4634 eidem
480 4572 571 4637 vnite
591 4571 798 4656 incorporata
826 4579 859 4634 et
886 4588 1017 4632 annexa
1043 4562 1194 4653 possides
1226 4575 1338 4631 curata
1367 4577 1399 4632 et
1420 4565 1692 4633 Jurisdictionalis
1721 4593 1760 4634 ac
1789 4593 1900 4658 perso·

230 4697 325 4754 natus
359 4690 392 4753 in
426 4687 577 4754 Ecclesia
604 4686 812 4754 Sleswiccnsi
838 4686 1009 4774 Ipsiusquc
1036 4683 1247 4769 Prepesiturc
1280 4684 1457 4750 iurisdictio
1492 4695 1525 4750 et
1556 4684 1702 4752 redditus
1730 4688 1767 4752 ln
1801 4690 1898 4776 opido

230 4806 488 4874 Hedersleuensi
521 4816 554 4871 et
584 4807 653 4870 eius
683 4806 830 4872 districtu
863 4804 1113 4889 circumquaque
1148 4803 1322 4873 constituta
1352 4814 1386 4870 et
1417 4804 1581 4868 constituti
1613 4806 1769 4890 existant,
1802 4805 1898 4873 Adeo

232 4926 319 5014 quod
350 4937 386 4992 tu
412 4925 537 4991 ratione
567 4923 653 4990 dicte
682 4923 891 5010 Propositure
920 4933 1008 4988 tuam
1034 4919 1299 4987 Jurisdictionem
1330 4923 1362 4987 in
1390 4921 1477 4988 dicto
1506 4920 1614 5008 Opido
1641 4923 1900 4992 Haderslenensi

232 5065 390 5110 exercere
411 5045 456 5110 Et
478 5042 601 5108 eisdem
624 5039 798 5108 maioribus
822 5039 1046 5129 Ca[nonicatui
1068 5037 1111 5126 et]
1135 5039 1302 5126 prebende
1325 5038 1661 5129 pr[edicteEc]olesie
1680 5043 1782 5110 Beate
1794 5045 1897 5111 Maris

230 5185 290 5251 per
317 5173 351 5229 ts
380 5165 485 5251 ipsum
515 5161 684 5228 commode
714 5159 882 5226 desereire
904 5159 1024 5246 possis3
1058 5156 1220 5245 Quodque
1253 5160 1281 5224 si
1312 5159 1390 5224 dicti
1420 5158 1639 5226 Canonioatus
1669 5171 1701 5226 et
1729 5162 1898 5250 prebenda

231 5283 372 5348 maiores
395 5303 477 5370 quos
500 5279 625 5346 obtines
649 5279 797 5346 Vnacum
820 5277 920 5344 Curia
941 5285 974 5342 et
994 5275 1184 5342 Residentia
1212 5275 1417 5366 can[onie]ali
1448 5297 1543 5364 quam
1567 5278 1608 5344 dc
1629 5281 1774 5367 presenti
1795 5282 1898 5367 possi-
