5242 6414
1454 663 1494 728 14

640 893 701 935 rex
727 870 852 934 iuturus
881 865 1076 951 condignam
1105 865 1136 930 ei
1164 865 1261 930 faciet
1288 887 1544 952 recompensam.
1588 864 1670 930 Item
1698 887 1759 930 rex
1780 863 1925 929 nnllam¹
1953 863 2056 950 paark
2078 863 2140 929 sibi
2161 886 2221 951 pro
2245 885 2305 928 sua
2320 877 2352 918 η

641 988 819 1052 venacione
842 982 1027 1073 vsurpabit,
1060 985 1121 1048 nisi
1145 1005 1185 1048 ea
1208 1007 1270 1071 que
1293 984 1397 1071 paarh
1418 984 1548 1049 fuerunt
1569 993 1715 1070 tempore
1737 984 1826 1068 regis
1848 981 2059 1050 Waldemari.
2104 982 2184 1046 Item
2206 983 2302 1068 priui-
2321 997 2353 1038 ⁸¹-

641 1106 728 1191 legia
751 1103 958 1185 clericorum,
979 1102 1131 1185 militurn,
1159 1104 1407 1187 armigerorum,
1436 1103 1719 1184 monasteriorum,
1751 1102 1930 1185 ciuitatum,
1958 1100 2104 1166 villarum
2126 1101 2304 1165 forensium

642 1232 675 1290 et
698 1245 810 1288 eorum
832 1230 965 1302 statute,
999 1242 1071 1308 qua
1098 1218 1214 1314 byequr
1237 1221 1401 1304 dicuntur,
1436 1231 1468 1286 et
1497 1219 1630 1285 aliorum
1654 1241 1931 1307 quorumcumque
1954 1219 2092 1284 contra⁹
2124 1229 2157 1285 et
2178 1217 2304 1306 absque

641 1343 769 1430 precio,
798 1339 927 1404 sallario
951 1339 1117 1425 scriptoris
1139 1341 1314 1426 antiquitus
1337 1349 1493 1405 consueto
1518 1339 1675 1404 duntaxat
1697 1349 1853 1426 excepto,
1879 1349 2087 1402 renouentur.
2131 1337 2214 1402 ltem
2235 1336 2304 1400 nul-
2319 1353 2355 1394 aa

642 1461 692 1528 lus
723 1460 860 1524 clericus
888 1458 973 1523 infra
1000 1479 1111 1521 sacros
1140 1455 1271 1536 ordines
1302 1459 1446 1522 existens
1482 1456 1541 1522 sub
1569 1479 1655 1544 pene
1681 1457 1863 1522 amissionis
1891 1456 1990 1520 officii
2017 1463 2050 1520 et
2078 1455 2229 1521 beneficii
2256 1457 2306 1522 sui

644 1579 808 1647 seculares
837 1577 1025 1642 exactiones
1054 1573 1173 1639 habeat
1203 1575 1442 1662 quoquomodo.
1484 1577 1567 1642 Item
1597 1575 1745 1640 dominus
1772 1597 1833 1640 rex
1854 1583 1910 1640 aut
1932 1573 2047 1661 aliquis
2070 1573 2166 1658 alius,
2201 1577 2305 1640 cuius·
2322 1593 2354 1634 aa

644 1719 781 1785 cumque
804 1694 1019 1778 condicionis,
1049 1691 1214 1778 dignitatis
1237 1705 1293 1760 aut
1320 1704 1422 1760 status
1445 1695 1578 1779 existat,
1607 1697 1640 1760 in
1663 1695 1755 1782 equis
1778 1693 1912 1758 alicuius
1935 1694 1997 1758 nisi
2018 1695 2156 1780 propriis
2178 1695 2306 1781 piscari,

644 1829 700 1884 aut
726 1815 824 1881 siluas
854 1811 987 1877 alicuius
1014 1813 1077 1876 nisi
1104 1814 1253 1900 proprias
1276 1813 1444 1878 succidere
1467 1814 1564 1878 faeiat
1586 1814 1655 1878 sine
1677 1813 1749 1878 veri
1768 1813 1968 1898 possessoris
1988 1812 2155 1876 voluntate
2178 1823 2211 1876 et
2233 1834 2307 1876 con·

645 1957 754 2001 sensu.
798 1933 880 1998 Item
902 1952 964 1994 rex
985 1951 1051 1995 non
1075 1931 1257 1996 offendetur
1284 1931 1380 1997 alicui
1406 1953 1465 2020 pro
1495 1953 1552 2015 eo,
1580 1931 1668 2018 quod
1693 1952 1753 2018 pro
1777 1933 1853 2017 jure
1882 1942 1969 1994 terre
1998 1941 2030 1995 ct
2056 1931 2192 1996 vtilitate
2214 1933 2310 2016 regui
2325 1949 2359 1988 u·

645 2054 812 2141 loquetur,
845 2071 908 2114 nec
936 2047 978 2114 ob
1006 2049 1069 2114 hoc
1096 2050 1203 2136 ipsum
1231 2060 1287 2114 aut
1314 2072 1391 2114 suos
1418 2051 1668 2137 persequatur⁸.
1709 2049 1793 2114 Item
1820 2069 1886 2112 non
1912 2059 2051 2136 ponatur
2073 2048 2250 2115 aduocatus
2271 2050 2305 2114 16
2322 2069 2356 2108 as.

645 2173 754 2259 aliqua
774 2181 861 2236 terra
884 2170 952 2232 siue
976 2168 1181 2255 capitaneus,
1214 2169 1276 2233 nisi
1304 2167 1388 2234 illius
1409 2178 1497 2234 terre
1519 2167 1689 2252 indigena,
1722 2176 1756 2232 et
1781 2165 1867 2231 idem
1897 2167 2075 2232 aduocatos
2097 2168 2166 2232 siue
2189 2168 2308 2254 capita-

645 2312 727 2357 neus
756 2291 790 2354 in
818 2286 965 2374 quolibet
994 2286 1125 2352 haeraeth
1156 2309 1254 2352 snum
1276 2285 1463 2352 bondonem
1485 2287 1569 2352 illius
1591 2284 1721 2352 harath
1743 2284 1831 2351 bona
1853 2287 2051 2352 sufficiencia
2071 2287 2244 2352 habentem
2266 2285 2308 2350 ad

647 2406 901 2490 emendandum,
930 2407 956 2470 si
978 2404 1167 2492 deliquerit,
1198 2405 1371 2470 substituat
1393 2405 1574 2470 officialem.
1606 2405 1693 2470 idem
1720 2426 1798 2469 vero
1828 2405 2005 2470 aduocatos
2027 2407 2096 2470 siue
2121 2406 2309 2492 capitaneus

648 2537 680 2593 at
702 2547 780 2591 suus
803 2523 970 2609 officialis,
999 2524 1027 2588 si
1049 2533 1162 2588 contra
1178 2524 1256 2610 jura
1277 2533 1310 2588 et
1331 2522 1423 2609 leges
1445 2525 1665 2610 processerint
1692 2533 1725 2589 et
1747 2523 1844 2589 alicui
1864 2525 1996 2588 iniurias
2019 2524 2197 2604 intulerint,
2228 2524 2310 2588 sicut

648 2646 750 2711 ceteri
771 2641 941 2708 bondones
965 2643 1199 2732 concinnantur
1221 2652 1255 2706 et
1275 2642 1450 2729 vnicuiqae
1474 2641 1514 2706 dc
1538 2643 1585 2707 eis
1608 2644 1821 2731 conquerenti
1843 2643 2057 2727 satisfaciunt,
2090 2652 2186 2730 prout
2209 2643 2311 2727 exigit

649 2763 729 2829 ordo
757 2763 847 2849 juris.
890 2760 972 2824 Item
1008 2781 1081 2824 cum
1108 2783 1170 2825 rex
1196 2760 1350 2849 placitum
1379 2783 1471 2826 suum
1493 2762 1708 2848 justiciarium
1737 2762 1841 2827 teneri
1863 2763 1999 2848 jusserit
2025 2767 2057 2825 in
2084 2760 2193 2848 aliqua
2214 2771 2310 2846 terra,
2328 2773 2360 2816 ³⁶-

648 2881 814 2948 auditores
836 2879 886 2943 sui
908 2878 1018 2966 placiti
1039 2881 1107 2945 siue
1126 2879 1334 2966 justiciarios,
1357 2879 1449 2966 leges
1473 2890 1506 2945 et
1520 2881 1598 2967 jura
1618 2881 1720 2967 ipsius
1742 2890 1829 2946 terra
1852 2882 2002 2964 scientes,
2025 2879 2202 2945 decadem
2224 2891 2312 2944 terra

649 3001 821 3066 constituat
849 3008 882 3062 et
916 2997 1108 3064 incensandi
1136 3008 1169 3063 et
1208 2998 1329 3084 agendi
1365 3009 1495 3066 utantur
1531 2999 1661 3085 legibus
1695 3010 1781 3065 terre
1817 3000 2018 3088 supradicte,
2050 3020 2113 3064 nec
2141 3000 2311 3086 quisquam

651 3139 853 3206 quacumque
883 3116 924 3181 de
954 3137 1054 3182 causa
1081 3116 1123 3182 ad
1150 3117 1304 3205 placitum
1326 3119 1541 3205 justiciarium
1569 3121 1686 3183 citetur
1715 3128 1809 3183 extra
1841 3119 1958 3184 limites
1988 3139 2046 3182 sue
2077 3128 2175 3183 terre.
2229 3117 2310 3183 Item
2329 3131 2360 3172 π·

649 3237 738 3302 bona
766 3235 972 3302 sacerdotum
1000 3235 1054 3301 val
1082 3235 1272 3302 clericorum
1303 3247 1492 3302 testatorum
1521 3239 1590 3302 siue
1619 3239 1843 3302 intestatorum
1873 3237 2103 3302 decedencium
2133 3259 2193 3323 per
2214 3237 2312 3302 aduo-

651 3365 742 3422 catos
770 3375 829 3420 scu
857 3354 1012 3420 officiales
1041 3357 1129 3439 regis
1158 3355 1213 3420 vel
1245 3358 1472 3444 episcoporum
1500 3379 1559 3422 seu
1588 3356 1720 3422 alterius
1748 3357 1977 3443 cuiuscumque
2003 3355 2188 3419 ullatenus⁴
2214 3357 2313 3441 impe·

652 3475 796 3557 diantur,
828 3473 887 3538 sed
915 3473 1091 3538 heredibus
1121 3475 1187 3538 suis
1215 3475 1304 3540 veris
1332 3473 1435 3539 libere
1465 3484 1707 3540 conseruentur.
1751 3475 1833 3539 Item
1857 3477 1963 3538 omnia
1984 3475 2174 3559 grauamina
2196 3485 2229 3539 et
2250 3474 2313 3538 sin·
2330 3488 2363 3530 ἢ

653 3593 730 3680 gule
751 3594 879 3656 nouiter
900 3591 1060 3678 imposita,
1082 3590 1236 3655 videlicet
1257 3591 1495 3678 haffnaegyaeld,
1516 3592 1770 3680 ploghpenning,
1793 3592 1964 3676 theolonia,
1990 3591 2181 3678 saltagyald,
2205 3593 2314 3658 statin-

652 3709 753 3798 gyald
775 3721 831 3774 aut
853 3709 917 3772 alia
939 3730 1142 3795 quecumque
1165 3719 1398 3796 postmortem
1421 3713 1509 3795 regis
1531 3710 1733 3777 Waldemari
1755 3713 1902 3794 inuenta,
1926 3710 2043 3776 amodo
2064 3733 2130 3776 non
2151 3720 2312 3798 petantur.

651 3831 734 3896 Item
761 3829 795 3892 in
821 3827 973 3891 nundinis
1002 3827 1257 3914 quibuscumque
1284 3850 1344 3914 per
1373 3828 1550 3894 aduocatos
1577 3831 1666 3914 regis
1693 3831 1747 3894 vel
1774 3830 1899 3917 aliquos
1928 3829 2008 3895 alios
2030 3827 2212 3894 nullatenus
2233 3829 2313 3894 inhi·
2332 3848 2363 3888 aa.

653 3947 792 4013 beatur⁵
821 3947 1006 4034 quisquam,
1040 3946 1597 4034 6616166166616166,(1661111ο
1628 3949 1767 4015 emenda
1787 3949 1842 4013 vel
1862 3947 2038 4015 vendenda
2058 3948 2188 4012 fuerint.
2231 3947 2311 4012 Item
2332 3967 2361 4008 (6

653 4067 743 4132 ciues
770 4064 963 4130 Lundenses
1000 4064 1165 4151 ceterique
1198 4064 1309 4130 villani
1341 4066 1490 4132 villarum
1524 4069 1701 4134 forensium
1732 4066 1862 4154 plenam
1896 4066 2038 4132 habeant
2063 4065 2249 4130 facultatem
2282 4077 2316 4131 et

652 4185 789 4250 liberam
810 4182 979 4247 licenciam
1002 4182 1164 4247 ciuitatem
1188 4194 1220 4250 et
1242 4184 1335 4250 villas
1358 4209 1469 4252 eorum
1492 4185 1638 4274 planctis,
1659 4187 1799 4268 fossatis,
1822 4187 1955 4269 muris',
1978 4185 2228 4270 propugnaculis
2251 4207 2311 4273 pro

653 4305 752 4369 totius
773 4302 868 4386 regni
890 4312 924 4366 et
948 4303 1092 4388 ipsorum
1114 4301 1251 4366 vtilitote
1274 4317 1307 4370 et
1329 4305 1519 4372 defensione
1543 4305 1722 4370 secundum
1744 4326 1835 4370 suam
1856 4303 2060 4388 facultatem,
2081 4313 2177 4390 prout
2200 4305 2314 4370 melius

653 4423 809 4510 poterint,
832 4418 1008 4484 muniendi.
1051 4419 1133 4484 Item
1160 4420 1239 4486 nulli
1260 4422 1345 4487 inira
1359 4427 1463 4509 *regni
1486 4424 1603 4490 limites
1625 4423 1765 4512 predia⁸
1795 4436 1828 4489 et
1849 4425 2074 4510 possessiones
2096 4423 2255 4489 habentes
2282 4425 2316 4488 in
2333 4443 2365 4485 n.

655 4540 785 4607 Shendr
806 4537 861 4604 vel
881 4537 952 4603 aliis
974 4538 1125 4604 66611616
1149 4540 1404 4629 quibuscumque
1431 4564 1492 4630 per
1519 4543 1697 4608 aduocatos
1726 4564 1784 4607 sau
1807 4541 1887 4606 alios
1911 4563 2131 4629 quoscumque
2154 4540 2315 4628 aliquibus

656 4659 698 4725 de
720 4659 827 4723 causis
848 4657 1078 4744 impediantur,
1112 4659 1174 4724 nisi
1200 4659 1319 4725 docere
1347 4665 1504 4748 poterint,
1540 4661 1628 4748 quod
1656 4663 1689 4726 in
1716 4663 1834 4750 placito
1866 4661 1916 4724 sui
1943 4659 2066 4724 hareth
2095 4659 2148 4724 vel
2170 4658 2316 4744 generali

655 4779 771 4867 prius⁹
791 4775 939 4861 legaliter
961 4777 1025 4840 sint
1036 4779 1063 4817 ¹⁰
1095 4778 1235 4843 conuicti
1260 4779 1314 4844 vel
1342 4779 1463 4845 ibidem
1485 4781 1656 4846 manifesto
1679 4780 1823 4844 facinore
1846 4779 1964 4843 fuerint
1985 4777 2190 4865 deprehensi.
2234 4778 2317 4843 Item
2335 4803 2366 4844 sa

657 4917 770 4964 omnes
797 4895 898 4960 litere
916 4905 1066 4981 patentes
1095 4897 1164 4961 siue
1192 4889 1385 4982 obligatoiie
1414 4901 1483 4964 siue
1510 4898 1589 4984 alie,
1621 4921 1643 4963 a
1664 4897 1920 4987 quibuscumque
1942 4897 2091 4984 personis
2113 4919 2173 4984 per
2195 4895 2316 4962 violen-

727 5185 792 5236 ¹B:
810 5185 889 5238 nulla.
939 5179 1007 5236 9Βε
1025 5189 1137 5252 gratum.
1188 5186 1451 5254 ⁸132proscquatur.
1501 5184 1741 5240 ⁴B2nu1ntenus.
1794 5185 1948 5240 ⁶Baddit:
1968 5203 2019 5239 ne·
2064 5183 2131 5238 ⁰132
2150 5187 2219 5252 „ibi”
2236 5185 2318 5237 deest.

657 5266 868 5323 ι1116111661.
936 5269 1002 5324 ⁹1³:
1021 5271 1104 5338 prodi.
1170 5267 1327 5340 ’Bsprius
1345 5274 1428 5325 deest
1498 5269 1662 5326 ¹⁰Brsunt.
