5094 6408
1435 637 1478 704 42

623 837 743 924 possit,
774 836 833 902 has
859 845 1029 924 presentes
1057 835 1181 903 litterae
1203 847 1314 904 nostro
1337 838 1443 924 sigillo
1465 861 1530 906 vna
1552 859 1624 904 cum
1646 809 1758 926 sigillis
1779 847 2030 905 memoratorum
2051 836 2285 904 venerabilium

625 957 891 1044 coepiscoporum
923 963 1108 1020 nostrorum
1141 955 1292 1022 duximus
1324 956 1561 1040 roborandas,'
1584 955 1791 1044 presentibus
1823 955 1945 1022 ibidem
1977 955 2222 1022 honorabilibus
2255 968 2287 1022 et

624 1073 787 1142 nobilibus
813 1073 892 1140 viris
921 1073 1058 1138 dominis
1085 1072 1234 1140 Jobanne
1256 1075 1383 1141 Nicolai
1403 1077 1568 1165 preposito
1590 1075 1807 1162 Burglanensi
1835 1085 1868 1140 et
1889 1073 2049 1141 Michaele
2073 1075 2165 1162 Spen
2187 1075 2286 1140 archi·

625 1196 762 1272 diacono
781 1192 995 1278 Wibergensi
1016 1212 1147 1258 necnon
1168 1192 1271 1260 Juaro
1291 1195 1313 1260 J
1318 1193 1356 1258 wl
1380 1203 1413 1260 et
1433 1194 1555 1279 Magno
1576 1193 1734 1259 Jobennis
1756 1194 1925 1279 armigeris
1947 1193 2087 1259 diocesis
2096 1192 2287 1279 Wibergen-

626 1314 671 1378 sis
703 1311 839 1378 testibus
871 1312 915 1377 ad
946 1311 1107 1398 premissa
1137 1313 1263 1378 voeatis
1296 1312 1480 1400 specialiter
1512 1323 1545 1380 et
1571 1313 1695 1400 rogatis
1722 1310 1783 1378 sub
1811 1333 1896 1377 enno
1925 1312 1978 1378 die
2008 1321 2042 1378 et
2068 1312 2141 1378 lcoo
2172 1309 2288 1398 quibus

627 1453 737 1518 snpra.
800 1467 804 1474 ·
2128 1484 2132 1498 .

780 1549 824 1616 nt
845 1570 908 1634 ego
930 1549 1047 1614 Petrus
1068 1548 1226 1614 Johannis
1247 1547 1396 1635 publicus
1418 1549 1608 1616 auctoritate
1630 1547 1788 1636 imperiali
1810 1550 1969 1634 notarius,
1989 1548 2127 1614 clericus
2149 1546 2289 1632 Wyber·

627 1669 754 1755 gensis,
782 1668 859 1756 quia
879 1665 1063 1732 huiusmodi
1082 1667 1271 1754 presticioni
1286 1668 1465 1754 juramenti
1488 1678 1520 1734 et
1542 1668 1748 1756 promissioni
1769 1667 2026 1734 confirmacionis
2047 1666 2289 1754 priuilegiorum

628 1797 662 1852 et
684 1785 832 1853 omnibus
853 1784 925 1850 aliis
953 1795 988 1850 vt
1021 1795 1231 1872 prenarratur
1257 1809 1393 1873 presens
1423 1787 1554 1854 interfui
1581 1795 1615 1852 et
1641 1807 1682 1851 ea
1709 1787 1756 1852 sic
1787 1786 1859 1852 fieri
1890 1784 1960 1851 vidi
1991 1795 2025 1852 et
2056 1784 2181 1868 audiui,
2210 1783 2290 1870 jdeo

627 1901 763 1992 presens
795 1903 960 1991 publicum
990 1904 1237 1969 instrumentum
1269 1905 1388 1970 exinde
1422 1904 1548 1972 confeci
1581 1915 1615 1971 et
1649 1906 1684 1970 in
1711 1904 1794 1970 bene
1822 1903 1984 1992 publicam
2011 1904 2147 1969 formam
2176 1901 2292 1988 redegi

629 2025 788 2110 signoque
816 2024 947 2088 nomine
975 2023 1056 2088 meis
1085 2021 1187 2087 solitis
1214 2044 1255 2090 ao
1283 2025 1446 2090 consuetis
1474 2025 1602 2109 signaui
1627 2025 1801 2112 requisitus
1831 2034 1864 2090 et
1894 2032 2030 2110 rogetus
2062 2023 2096 2088 in
2128 2020 2226 2087 iidem
2260 2029 2293 2086 et

628 2141 846 2208 testimonium
868 2142 1009 2207 omnium
1029 2142 1272 2230 premissorum.

690 2427 924 2514 Jnfrnecrdptns
942 2449 1108 2512 processus
1129 2427 1338 2494 ebremundus
1359 2439 1404 2492 est
1424 2429 1459 2493 irs
1478 2449 1571 2514 repno
1592 2427 1716 2493 dectino
1737 2440 1765 2492 et
1789 2427 1935 2495 catholico
1947 2427 2026 2514 jpso
2048 2426 2226 2514 repositius

889 2544 1047 2632 defuncto,
1069 2560 1232 2632 antequam
1252 2547 1335 2611 alius
1355 2569 1413 2611 ren
1434 2559 1462 2612 et
1482 2569 1638 2612 nweessor
1659 2547 1694 2611 sis
1715 2570 1806 2633 repno
1828 2547 2035 2612 assumatur¹.

782 2731 892 2797 Primo
915 2739 1045 2796 etanta
1076 2731 1184 2797 omnia
1206 2730 1314 2798 diuino
1337 2731 1456 2798 auxilio
1479 2731 1655 2798 solenniter
1671 2731 1845 2819 jnuocato,
1872 2740 2046 2818 antequem
2068 2731 2190 2819 aliquid
2212 2741 2293 2798 trac·

632 2852 751 2920 labitur
772 2850 814 2916 de
835 2871 922 2916 nouo
944 2871 1042 2936 rege,
1070 2850 1104 2915 in
1125 2849 1304 2915 remedium
1326 2849 1467 2916 salutare
1489 2853 1595 2916 anime
1617 2851 1718 2939 ipsius
1739 2853 1829 2936 regis
1852 2849 1995 2916 defuncti
2017 2871 2145 2916 necnon
2166 2850 2199 2916 in
2221 2870 2293 2938 pre·

632 2971 755 3038 clarum
776 2967 960 3056 exemplum
982 2968 1067 3034 illius
1090 2970 1302 3054 successoris,
1336 2968 1459 3036 debent
1486 2971 1593 3036 omnia
1622 2979 1656 3035 et
1685 2969 1813 3057 singula
1834 2975 1970 3053 statuta,
1997 2970 2183 3055 juramento
2205 2968 2292 3053 regis

633 3089 785 3172 defuncti,
807 3099 982 3176 antequam
1002 3089 1037 3152 in
1058 3109 1173 3173 regem
1194 3099 1377 3175 assumptus
1399 3089 1467 3174 fuit,
1489 3089 1610 3158 vallata
1631 3098 1665 3156 et
1690 3089 1822 3173 munite,
1844 3087 2091 3173 diligentissime
2114 3087 2292 3154 examinari

631 3229 692 3296 per
714 3207 873 3274 electores
901 3217 934 3271 et
955 3205 1156 3272 consiliarios
1183 3207 1288 3294 regui.
1341 3207 1387 3273 Et
1413 3208 1470 3274 vbi
1499 3207 1623 3295 aliquid
1650 3215 1764 3274 contra
1785 3207 2006 3293 juramentum
2032 3207 2122 3292 regis
2151 3205 2293 3272 defuncti

633 3327 729 3394 alicui
751 3325 893 3392 ablatum
914 3325 1011 3390 fuerit
1030 3346 1092 3412 per
1112 3347 1226 3412 regem
1247 3317 1309 3391 vel
1322 3325 1406 3392 illius
1429 3325 1596 3409 officiales,
1617 3327 1725 3392 statim
1745 3328 1933 3392 restituatur
1954 3345 2014 3412 per
2036 3323 2246 3390 consiliarios.

783 3445 873 3511 Jtem
895 3442 1036 3530 dampna
1061 3443 1151 3510 illata
1177 3445 1272 3510 alicui
1300 3445 1540 3530 regnicularnm
1566 3468 1626 3533 per
1648 3448 1759 3533 jpsum
1784 3465 1899 3531 regern
1925 3441 1980 3510 vel
2008 3444 2109 3531 ipsius
2142 3441 2295 3508 officiales

635 3573 748 3630 contra
774 3563 995 3648 juramentum
1032 3562 1121 3646 regis
1152 3560 1296 3628 defuncti
1322 3585 1383 3650 per
1416 3563 1615 3630 consiliarios
1647 3565 1743 3650 regni
1774 3563 1816 3630 de
1848 3562 2005 3629 fructibus
2038 3583 2159 3631 corone
2191 3583 2294 3626 resar-

634 3683 764 3748 tinntur.

786 3796 875 3862 Jtem
897 3794 953 3860 vbi
974 3816 1035 3860 rex
1059 3797 1230 3864 defunctus
1252 3798 1437 3886 specialiter
1463 3809 1576 3866 contra
1603 3821 1696 3866 suum
1717 3802 1937 3888 juramentum
1963 3798 2118 3864 remissus
2141 3807 2175 3864 et
2195 3796 2297 3883 negli-

636 3939 719 4004 gens
739 3916 799 3982 fuit
820 3915 853 3979 in
874 3913 1085 3980 ministrando
1107 3917 1282 4000 regnicolis
1303 3919 1466 4004 iustitiam,
1488 3918 1572 3985 illius
1595 3920 1818 3986 remissionem
1841 3927 1874 3984 et
1894 3917 2127 4004 negligentiam
2147 3915 2297 4004 supplere

637 4035 779 4104 debeant
807 4031 981 4099 consiliarii
1009 4054 1070 4120 per
1097 4034 1238 4100 eundem
1266 4049 1389 4121 actum,
1421 4037 1464 4103 ed
1493 4059 1590 4126 quem
1616 4061 1678 4105 rex
1708 4037 1870 4124 obligatus
1895 4037 1955 4102 fuit
1986 4034 2094 4100 medio
2128 4057 2187 4100 suo
2212 4035 2300 4120 jura

637 4163 746 4221 mento
768 4153 914 4240 prestito.

787 4270 876 4336 Jtem
887 4293 954 4336 non
973 4281 1024 4337 est
1041 4270 1173 4338 dubium
1194 4272 1236 4338 de
1253 4275 1445 4340 auctoritate
1468 4274 1732 4360 consiliariorum,
1751 4275 1827 4363 quia
1839 4275 1901 4361 ipsi
1923 4283 1957 4338 et
1977 4271 2144 4360 regnicole
2167 4271 2300 4337 alicuius

638 4391 733 4476 regni
754 4388 884 4456 electiui
906 4399 938 4456 et
960 4389 1110 4456 cetbolici
1130 4402 1205 4459 sunt
1226 4393 1298 4458 veri
1319 4402 1353 4458 et
1373 4393 1544 4460 indubitati
1565 4394 1687 4460 domini
1708 4403 1742 4458 et
1762 4393 1967 4480 proprietarii
1982 4393 2083 4478 ipsius
2100 4393 2204 4476 regni,
2227 4391 2302 4477 quia

637 4511 738 4598 ipsine
764 4509 858 4596 regni
885 4509 1061 4575 dominium
1083 4509 1240 4577 directum
1262 4520 1296 4578 et
1317 4533 1396 4578 vera
1417 4514 1598 4601 proprietas
1620 4523 1672 4579 est
1691 4511 1824 4578 indubie
1847 4510 1935 4599 apud
1955 4511 2045 4598 ipsos
2066 4509 2241 4596 predictos.
2306 4559 2307 4562 ,

709 4815 721 4849 ¹
746 4815 919 4880 „Prooessus”
941 4815 1000 4867 hice
1021 4816 1124 4868 nonnisi
1145 4817 1172 4867 in
1190 4816 1281 4868 codice
1304 4819 1442 4870 chartaceo
1464 4819 1620 4887 Magnseano
1647 4819 1696 4870 lio.
1714 4821 1747 4870 28
1769 4819 1796 4868 in
1818 4819 1855 4869 lu
1877 4831 1954 4867 mann
1981 4815 2071 4866 saeculi
2092 4813 2165 4865 xvim*
2188 4813 2301 4863 ineuntis

639 4903 752 4968 scriptus
769 4907 899 4967 superest,
921 4902 955 4952 nd
979 4917 1055 4968 quem
1072 4903 1157 4968 ipsum
1175 4903 1227 4952 ism
1245 4903 1330 4954 Kolod
1343 4904 1448 4954 Ancbsr
1464 4907 1535 4972 typis
1553 4906 1646 4956 excudi
1664 4905 1734 4956 fecit.
1776 4894 2013 4955 constitutionibus
2037 4900 2112 4967 regni
2139 4898 2301 4950 annumerari

636 4989 738 5054 nequit,
754 4987 849 5038 nedum
866 4993 982 5038 actorum
1000 4987 1162 5053 publicorum
1179 5003 1233 5054 prae
1253 5003 1282 5040 se
1300 4990 1350 5040 lert
1366 4991 1488 5056 speciem,
1507 4991 1553 5042 sed
1572 4990 1722 5057 simpliciter
1739 5005 1768 5040 se
1787 4992 1945 5055 praeceptum
1958 4985 2136 5038 iurisconsulti
2150 4999 2208 5034 esse
2225 4983 2301 5041 dicit3

639 5077 767 5137 auamen,
793 5074 915 5138 quoniam
935 5077 1036 5124 tantum
1053 5073 1150 5139 vigoris
1167 5073 1313 5126 obtinuisse
1331 5075 1436 5141 dicitnr,
1462 5082 1491 5127 vt
1507 5077 1577 5142 apud
1595 5076 1721 5128 ecclesias
1739 5073 1903 5126 cathedrales
1927 5073 2012 5140 (qnasi
2029 5071 2071 5122 lex
2088 5067 2299 5128 fundamentalis)

640 5162 789 5208 semmam
807 5159 847 5222 sit,
864 5175 912 5209 nos
929 5160 1016 5224 ipsum
1032 5159 1221 5210 excludendum
1238 5175 1297 5210 esse
1314 5176 1367 5211 non
1384 5162 1539 5226 putauimns,
1557 5166 1583 5212 et
1600 5176 1679 5227 quum
1697 5161 1731 5211 de
1747 5177 1787 5225 sc,
1804 5175 1856 5228 qno
1874 5159 1985 5226 primurn
1998 5156 2087 5221 veluit,
2105 5163 2222 5220 tempore
2238 5153 2301 5204 nibil

640 5243 704 5294 cerii
721 5248 830 5308 comtet,
847 5247 1001 5296 sententiam
1017 5243 1147 5297 Jobannis
1162 5245 1194 5296 Ε.
1212 5245 1312 5298 Lernen
1330 5246 1454 5312 (Nordislr
1472 5247 1612 5300 Titlsskriit
1628 5247 1677 5310 tv)
1695 5248 1777 5298 secuti
1794 5247 1837 5298 bic
1854 5261 1914 5297 eum
1931 5244 2094 5294 inseruimus.
2234 5235 2237 5239 ⁴
