5130 6402
1082 695 1119 758 ll

220 916 252 960 u.
271 919 330 984 pro
361 897 430 960 iure
458 905 545 960 terre
569 905 602 960 et
628 893 722 978 regui
750 891 913 980 loquatur,
946 914 1007 960 nec
1039 894 1080 959 ob
1110 895 1171 958 hoc
1199 895 1304 981 ipsum
1328 904 1382 959 aut
1411 917 1486 960 suos
1510 907 1734 986 persequatur,
1789 901 1877 966 Jtem
1898 910 1934 967 vt

272 1015 380 1081 omnia
401 1022 434 1078 et
456 1013 584 1099 singule
601 1011 792 1098 grauamine
809 1012 936 1078 nouiter
957 1013 1097 1100 inposite
1119 1013 1235 1077 amodo
1258 1021 1508 1100 conpetenter,
1539 1015 1691 1082 videlicet
1716 1018 1934 1106 plogpcenigh,

273 1131 423 1218 gullrorn,
445 1130 597 1196 thelonee
618 1139 673 1195 eut
694 1129 759 1195 alia
780 1151 982 1217 quecumque
1001 1139 1227 1216 postmortem
1251 1132 1340 1216 regis
1353 1131 1554 1198 Woldemari
1576 1136 1716 1221 inposite
1737 1145 1770 1201 et
1791 1138 1935 1204 inuenta.

221 1262 255 1302 ³2·
272 1251 360 1316 Jtem
383 1246 558 1335 spoliantes
580 1249 756 1334 naufragos
779 1259 942 1334 tamquam
964 1270 1023 1334 pro
1047 1251 1166 1335 rtigrof
1184 1252 1417 1315 conuincentnr
1440 1261 1473 1315 et
1495 1251 1611 1317 eodem
1634 1253 1730 1319 modo
1750 1255 1933 1340 puniantur.

225 1369 362 1436 saltem
383 1377 419 1434 vt
440 1366 616 1432 aduocatos
639 1341 865 1454 undecumque
895 1366 1049 1432 oriundus
1071 1365 1257 1432 bundonem
1284 1368 1369 1433 illiue
1391 1368 1531 1434 herreth
1555 1392 1647 1436 suurn
1669 1371 1843 1438 substituat
1865 1373 1934 1438 cffi-

221 1501 254 1544 Μ
274 1487 397 1553 cielern.
440 1486 529 1551 Jtem
550 1497 586 1552 vt
608 1487 716 1550 omnis
738 1483 849 1551 debita
874 1487 1002 1550 notoria
1029 1495 1062 1550 et
1086 1485 1328 1552 racionabiliter
1356 1486 1548 1574 probabilia,
1570 1491 1604 1552 in
1627 1490 1743 1576 quibus
1766 1513 1828 1556 rex
1849 1515 1935 1558 nuuc

272 1617 417 1671 mortuus
439 1602 613 1689 regnicolis
635 1602 816 1688 tenebatur,
839 1604 968 1670 omnino
990 1603 1165 1690 persoluat,
1189 1615 1222 1670 et
1243 1607 1417 1670 cauciones
1437 1628 1497 1692 pro
1520 1605 1580 1670 hiis
1602 1609 1802 1693 interposite,
1826 1609 1932 1676 donec

221 1739 255 1782 ss.
275 1724 415 1790 totaliter
439 1723 544 1788 solute
560 1723 687 1807 fuerint,
708 1731 889 1808 teneantur,
912 1723 1058 1810 exceptis
1077 1724 1192 1787 cestris
1210 1722 1425 1788 destruendis.
1459 1725 1546 1789 Jtsm
1565 1723 1760 1812 ubicumque
1777 1725 1934 1814 placitum

222 1861 254 1902 as
273 1843 361 1928 regis
385 1851 542 1926 teneatur,
559 1839 750 1906 incensandi
766 1850 897 1906 vtentur
913 1839 1040 1926 legibus
1057 1839 1142 1906 illius
1159 1851 1257 1906 terre.
1289 1841 1377 1906 Jtem
1396 1851 1432 1908 vt
1447 1840 1553 1907 nullus
1571 1844 1688 1908 citetur
1711 1853 1806 1908 extra
1826 1847 1935 1910 termi-

223 1977 256 2018 ta
273 1983 350 2026 num
369 1982 426 2024 sue
444 1969 542 2024 terre.
575 1959 663 2024 ltem
679 1979 745 2022 uon
761 1959 964 2024 inueniuntur
982 1980 1066 2024 noue
1085 1958 1186 2044 leges,
1208 1959 1271 2024 uisi
1289 1959 1331 2024 de
1350 1981 1511 2025 consensu
1534 1961 1637 2026 tocius
1659 1962 1754 2046 regni
1775 1962 1809 2026 in
1831 1962 1936 2048 perla-

273 2089 382 2144 mento
413 2076 560 2164 generali
587 2079 621 2142 in
650 2077 799 2163 proximo
829 2075 1044 2160 celebrando,
1073 2077 1106 2141 in
1129 2099 1193 2164 quo
1216 2075 1369 2142 videlicet
1392 2077 1592 2165 perlemento
1614 2077 1713 2144 liceat
1733 2083 1806 2166 regi
1827 2081 1934 2146 futuro

274 2199 316 2264 de
345 2197 478 2262 oonsilio
506 2195 705 2282 prelatorum
732 2203 765 2259 et
792 2195 961 2260 meliorum
988 2196 1083 2280 regui
1119 2194 1322 2282 supradictos
1356 2195 1506 2262 articulos
1528 2197 1717 2282 immutare,
1756 2198 1935 2266 diminuere

273 2315 327 2382 vel
348 2313 486 2400 augere,
508 2335 648 2400 greuere
676 2312 730 2378 vel
752 2315 854 2379 eciem
877 2313 1045 2397 elleuiere,
1068 2303 1248 2379 secuudum
1269 2313 1357 2400 quod
1378 2313 1538 2401 profectui
1566 2325 1598 2379 et
1619 2314 1734 2380 honori
1757 2338 1878 2382 corone
1902 2329 1935 2384 et

276 2435 431 2518 regniac
453 2431 580 2496 vtilitati
601 2430 780 2518 reipublice
803 2433 922 2498 viderit
944 2432 1111 2518 expedire.
1148 2432 1216 2496 Nos
1238 2433 1336 2518 igitur
1356 2431 1554 2497 cristoforus
1584 2433 1638 2499 dei
1659 2435 1770 2519 gracia
1792 2434 1860 2502 dux
1871 2437 1936 2502 Da

274 2573 388 2616 norum
406 2550 621 2638 promittimus
643 2551 677 2614 in
699 2549 760 2614 biis
783 2551 921 2636 seriptis,
942 2571 1012 2634 nos,
1035 2553 1062 2615 si
1078 2549 1208 2616 volente
1229 2549 1291 2615 deo
1314 2573 1353 2614 ec
1373 2548 1486 2637 populi
1507 2550 1685 2617 accedente
1708 2574 1869 2620 consensu
1893 2554 1936 2620 ed

273 2671 368 2755 regni
392 2669 540 2753 regimen
567 2669 722 2755 assumpti
749 2669 922 2751 fuerimus,
949 2667 1114 2756 predictos
1142 2667 1295 2734 articulos
1329 2668 1508 2734 secundum
1535 2669 1667 2734 modum
1693 2681 1873 2757 pretectum
1903 2674 1935 2738 in

273 2797 466 2874 perpetuum
494 2785 723 2852 inuiolabiliter
750 2795 946 2852 serueturos.
1001 2786 1039 2850 In
1066 2787 1157 2851 cuiue
1179 2788 1227 2873 rej
1256 2788 1473 2852 testimonium
1495 2786 1602 2873 sigilla
1623 2787 1858 2854 venerabilium
1879 2812 1935 2878 pe·

273 2917 358 2972 trum
381 2904 581 2969 dominorum
603 2904 691 2991 Petrj
715 2904 954 2989 Wibergensie,
976 2904 1123 2970 Nichclai
1144 2904 1388 2990 Burglenensis,
1410 2906 1529 2992 Esgerj
1552 2907 1749 2990 Arusieneis,
1776 2907 1934 2974 Jchennis

274 3023 424 3109 Ripensis
447 3033 480 3088 et
500 3021 648 3087 Nicholai
669 3021 881 3087 Tarbatensis
905 3023 1147 3110 episcoporum,
1172 3044 1211 3087 ac
1233 3023 1435 3089 dominorum
1457 3023 1638 3088 Loddcuici
1658 3025 1842 3110 marscalci,
1874 3027 1935 3092 La

275 3140 391 3224 ghonie
414 3139 552 3205 condem
573 3138 758 3226 marscalcj,
789 3140 878 3205 Petri
900 3140 991 3225 Muly
1014 3140 1054 3205 de
1077 3140 1174 3226 Baeg,
1201 3141 1240 3205 N.
1267 3142 1357 3223 Hee,
1381 3142 1550 3228 Leurencij
1573 3141 1655 3206 Jens
1678 3163 1752 3227 son,
1774 3115 1939 3210 ,Iohannis

276 3257 394 3323 Niclaes
422 3280 479 3322 son
510 3257 550 3322 de
573 3258 677 3342 Keas,
709 3257 866 3323 ,lobannis
888 3259 996 3324 Preter
1025 3280 1099 3341 son,
1135 3258 1188 3324 Jo.
1210 3259 1320 3344 Kaan,
1352 3260 1441 3346 Petrj
1465 3258 1583 3324 Niclaes
1613 3282 1673 3324 eon
1701 3260 1743 3325 dc
1772 3260 1935 3348 AElliruth,

275 3377 424 3442 Nicholei
446 3376 581 3462 Holgaer
609 3400 687 3462 son,
719 3376 866 3462 Nicholej
891 3377 1050 3462 Scening,
1083 3375 1212 3442 Albcrti
1232 3375 1358 3443 Albaert
1380 3399 1454 3462 eon,
1485 3377 1644 3442 ¹lohsnnis
1668 3378 1751 3444 offe
1774 3401 1849 3466 sou,
1880 3381 1936 3448 Jo-

275 3495 390 3560 bannis
421 3495 509 3561 Olaef
535 3517 595 3560 eon
625 3506 657 3562 ct
683 3494 860 3561 Absclonis
880 3494 962 3561 Jens
991 3517 1050 3560 son
1078 3495 1229 3578 militum,
1261 3517 1328 3560 vne
1355 3517 1428 3560 cum
1455 3506 1566 3562 nostro
1596 3495 1701 3582 sigillo
1730 3499 1937 3585 presentibus

275 3623 349 3679 sunt
371 3635 526 3701 appense.

1091 3785 1122 3841 4.

562 3919 743 3984 Conuiuae
772 3917 977 4003 Waldencore',
1004 3919 1099 3984 Em'ci
1108 3919 1190 4004 filri',
1213 3917 1263 3984 die
1288 3927 1306 3982 7
1327 3919 1421 3984 qur'i
1443 3924 1526 3983 1326
1548 3917 1624 3984 doto
1635 3921 1658 3984 ¹.

278 4074 454 4140 Placitacio
477 4071 631 4137 nobilium
653 4073 748 4156 regni
769 4072 873 4136 Decie
894 4071 981 4136 fecta
1002 4071 1157 4158 Vibergis
1178 4073 1211 4137 in
1234 4071 1393 4137 electione
1415 4073 1492 4136 noui
1513 4073 1610 4158 regis.
1659 4073 1696 4138 ln
1719 4095 1782 4160 qne
1804 4085 1938 4142 cauetur

918 4190 959 4255 de
981 4200 1069 4256 terra
1089 4189 1297 4256 Borneholm.

428 4310 466 4375 In
487 4309 617 4374 nomine
640 4309 761 4374 domiui
782 4331 887 4376 emen.
920 4312 1018 4375 Anno
1041 4310 1163 4376 domini
1183 4331 1225 4373 m.
1239 4331 1305 4373 ccc.
1318 4331 1375 4374 xx.
1400 4319 1510 4393 sexto,
1533 4306 1668 4373 subbato
1691 4312 1839 4396 proximo
1862 4322 1936 4380 ante

279 4427 366 4492 diem
388 4438 571 4493 sanctorum
594 4429 759 4494 martirum
781 4431 882 4496 Primi
904 4440 937 4495 et
957 4429 1128 4513 Felicieni,
1162 4427 1430 4494 conuenientibus
1452 4428 1606 4512 Vibergis
1634 4430 1728 4513 regni
1750 4429 1936 4508 melioribus

278 4568 344 4612 vne
360 4568 431 4610 cum
449 4545 659 4634 popularibus
681 4549 723 4612 ad
747 4546 939 4613 electionem
960 4549 1038 4612 noui
1058 4548 1156 4634 regis,
1175 4546 1360 4634 placitatum
1382 4547 1441 4612 fuit
1463 4557 1496 4610 et
1518 4546 1723 4612 concorditer
1746 4547 1936 4614 ordinatum.

245 4676 264 4717 ¹·
281 4664 447 4751 Inprimis,
471 4665 558 4750 quod
580 4665 841 4760 archiepiscopus
865 4675 897 4730 et
924 4666 1069 4754 episcopi
1095 4688 1135 4731 ac
1164 4664 1383 4730 ecclesiastice
1410 4686 1550 4751 persone
1572 4665 1716 4752 juribus,
1743 4665 1938 4753 jurisdictio-

278 4783 373 4848 nibus
393 4804 431 4846 ac
453 4780 654 4847 libertatibus
677 4787 754 4870 suis,
777 4784 935 4850 benorum
961 4807 1091 4850 suorum
1114 4793 1146 4850 et
1168 4783 1287 4848 familie
1310 4783 1456 4868 gaudere
1479 4783 1621 4850 debeant
1641 4783 1754 4870 libere,
1775 4793 1873 4872 prout
1894 4807 1938 4850 ex

349 5040 420 5092 ²Ad
439 5040 617 5106 apographum
633 5040 881 5108 Lengebelu'anum,
899 5058 949 5107 „ex
970 5041 1080 5108 registro
1104 5040 1269 5091 membrenec
1293 5039 1387 5090 eccles.
1399 5040 1484 5091 Lund.
1501 5039 1540 5092 lit.
1556 5040 1591 5090 D.
1608 5056 1634 5105 p.
1660 5041 1708 5090 bP’
1732 5041 1888 5106 exscriptum
1909 5043 1937 5092 in

279 5126 463 5194 diplomatario
480 5141 528 5174 ms.
545 5123 623 5175 Arch.
641 5126 708 5192 Reg.
727 5133 899 5193 usmetum,
921 5128 972 5178 ista
989 5127 1137 5176 constitutio
1156 5125 1198 5176 hic
1215 5127 1341 5191 impressa
1359 5131 1405 5176 est.
1432 5127 1517 5178 Veris]
1534 5125 1659 5176 lectiones
1677 5141 1710 5176 ex
1728 5125 1816 5176 codice
1835 5125 1937 5178 charta-

279 5228 326 5263 ceo
339 5211 496 5277 Magnoeeno
514 5211 541 5260 iu
558 5212 596 5260 tu
613 5210 661 5260 No.
672 5213 714 5275 28,
731 5211 928 5277 „eleemosyna”
946 5212 1048 5278 Birgeri
1065 5211 1257 5277 archiepiscopi
1280 5225 1343 5276 „pro
1361 5227 1410 5262 vsu
1427 5210 1498 5262 sedis
1510 5210 1672 5260 trundensi?
1691 5225 1759 5260 anno
1780 5213 1846 5262 1515
1866 5211 1935 5278 date,

279 5298 322 5348 cui
340 5297 410 5347 circe
427 5310 523 5346 anuum
542 5297 608 5346 1⁶00
625 5297 752 5363 inscripta
769 5301 821 5362 est,
839 5297 988 5348 afferuntur.
1349 5293 1353 5306 ¹

304 5455 315 5464 ,
331 5377 350 5454 il
365 5415 388 5454 s.
403 5412 413 5454 1
429 5416 452 5455 a.
467 5413 542 5465 (reso)
1697 5397 1713 5446 2
