5242 6414
1461 636 1502 702 10

655 832 954 920 canespascerrdos.
1002 836 1091 901 ‚item
1112 845 1149 902 vt
1169 835 1257 904 bona
1280 839 1527 927 archiepiscopi,
1548 848 1688 904 castrum
1713 850 1746 906 et
1768 850 1898 922 terram,
1923 848 2077 926 quantum
2099 839 2131 902 in
2153 839 2226 926 ipso
2249 847 2310 922 est,
2329 861 2359 903 rc

538 1023 542 1030 ,
650 954 810 1021 deliberet
831 961 864 1018 et
886 952 1066 1020 deliberata
1086 957 1245 1022 restituet.
1287 957 1375 1022 Jtem
1397 967 1433 1023 vt
1455 979 1567 1022 omncs
1588 957 1705 1024 milites
1729 971 1762 1024 et
1783 959 1937 1044 armigeri
1970 957 2012 1022 de
2034 958 2168 1044 proprie
2188 957 2309 1022 familia
2328 976 2359 1014 ιι.

650 1073 819 1140 emendam
841 1072 937 1137 trium
961 1071 1176 1139 marcharum·
1191 1074 1246 1140 vel
1271 1095 1405 1162 nouem,
1434 1078 1612 1143 secundum
1640 1076 1906 1144 consuetudinem
1935 1075 2106 1142 cuiuslibet
2139 1085 2242 1159 terre,
2274 1075 2309 1140 in

650 1213 854 1283 quocumque
881 1191 1000 1278 placito
1023 1192 1160 1288 secularj
1184 1196 1425 1282 concinnantur,
1447 1197 1629 1284 percipiant
1649 1195 1762 1281 libere,
1785 1204 1819 1261 et
1838 1195 1924 1262 vltra
1946 1195 1973 1260 si
1995 1195 2037 1260 ad
2060 1194 2122 1259 boc
2145 1194 2312 1258 extiterint

649 1311 853 1402 priuilegiati.
896 1311 984 1377 Jtem
1006 1333 1072 1376 non
1093 1321 1251 1397 cogantur
1273 1315 1321 1378 ire
1344 1315 1377 1378 in
1400 1317 1599 1382 excercitum
1621 1325 1716 1381 extra
1735 1337 1888 1402 regnum,
1918 1323 1951 1380 et
1973 1313 2242 1401 quandocumque
2266 1310 2308 1376 ad
2327 1327 2358 1368 ¹2

650 1431 835 1496 mandatum
856 1431 956 1514 regis,
979 1431 1047 1494 siue
1069 1431 1153 1495 intra
1173 1451 1312 1516 regnum
1334 1434 1403 1498 siue
1424 1441 1528 1516 extre,
1549 1432 1693 1499 bellandi
1714 1453 1814 1498 causa
1830 1433 1957 1518 luerint,
1978 1453 2040 1496 rex
2058 1433 2156 1518 ipsos,
2180 1433 2206 1496 si
2225 1430 2311 1517 capti

648 1551 784 1634 fuerint,
813 1548 854 1613 de
878 1549 1063 1634 captiuitate
1085 1548 1224 1615 redimet
1245 1549 1416 1638 expedite,
1439 1552 1553 1618 saltam
1574 1553 1659 1617 infra
1679 1574 1814 1635 anuum,
1844 1561 1878 1617 et
1899 1573 1997 1638 super
2020 1549 2197 1636 deperditis
2219 1550 2310 1614 satis-

650 1673 757 1754 faciat,
779 1678 953 1753 antequam
976 1667 1168 1733 secundario
1191 1691 1302 1734 secum
1325 1672 1373 1736 ire
1400 1672 1434 1736 in
1462 1673 1659 1738 excercitum
1680 1671 1861 1755 iubeantur,
1883 1668 2087 1735 libertatibus
2112 1669 2178 1732 suis
2206 1668 2311 1754 pristi-

592 1787 604 1870 J
650 1793 710 1875 uis,
732 1789 836 1854 eciam
858 1785 973 1849 sinon
995 1786 1129 1871 inerint,
1151 1789 1198 1852 eis
1220 1788 1445 1855 nichilominus
1468 1791 1678 1856 conseruatis.
1721 1789 1808 1855 Jtem
1828 1799 1863 1854 vt
1880 1808 2017 1874 guerras
2035 1795 2148 1851 contra
2167 1784 2309 1873 aliquem
2328 1801 2358 1841 ιι

651 1909 803 1976 inchoare
821 1926 888 1969 non
909 1902 1029 1968 debeat
1049 1905 1113 1968 nisi
1134 1927 1207 1970 cum
1229 1907 1363 1973 consilio
1385 1919 1419 1974 ct
1441 1929 1603 1974 consensu
1623 1908 1822 1996 prelatorum
1844 1915 1876 1972 et
1891 1907 1987 1992 regni
2002 1907 2180 1992 pociorum.
2221 1903 2310 1970 Jtem
2327 1921 2359 1961 ¹⁴·

649 2038 686 2094 vt
701 2025 807 2094 nullus
818 2023 1018 2088 Teutonicus
1040 2033 1190 2109 castrum,
1211 2026 1421 2109 municiones,
1444 2029 1632 2093 exactiones
1655 2035 1710 2094 ant
1730 2037 1835 2092 terras
1856 2023 1984 2108 babeat,
2005 2045 2067 2089 uec
2084 2023 2193 2112 aliquo
2213 2021 2311 2088 modo

650 2151 685 2215 iu
706 2142 840 2212 consilio
869 2141 957 2226 regis
985 2141 1043 2206 fiat
1064 2141 1175 2207 stricto
1197 2142 1252 2208 vel
1273 2145 1389 2210 iurato.
1443 2146 1532 2211 Jtem
1554 2155 1590 2212 rt
1615 2148 1722 2211 omnia
1743 2155 1850 2210 castra
1871 2145 1903 2208 in
1925 2143 2079 2208 Ntriucia
2102 2142 2309 2208 destruentur
2327 2159 2358 2198 u
2573 2163 2576 2254 q

653 2265 801 2353 exceptis
822 2261 923 2347 Ripis,
946 2259 1091 2346 Kolding
1113 2268 1146 2325 et
1168 2260 1426 2350 Scandclburgb.
1469 2265 1557 2331 Jtem
1581 2273 1617 2330 rt
1633 2265 1777 2353 expulsis
1799 2274 1959 2328 eteorum
1985 2259 2160 2327 heredibus
2182 2283 2222 2326 ac
2244 2263 2312 2350 qui·
2330 2277 2361 2318 ¹⁸·
2575 2257 2576 2262 ’

650 2387 852 2468 buscumque
884 2378 1001 2443 iniuste
1034 2375 1130 2442 bonis
1163 2381 1230 2446 suis
1261 2383 1395 2467 priuatis
1429 2381 1517 2449 bona
1544 2407 1665 2469 eorum,
1693 2384 1741 2448 vti
1766 2384 1900 2447 inuenta
1925 2381 2059 2463 luerint,
2088 2383 2309 2446 restituantur.

649 2507 737 2571 Jtem
759 2498 839 2566 nulli
859 2495 942 2561 laico
966 2517 1025 2560 scu
1046 2495 1165 2560 clerico
1194 2497 1375 2585 aliqualiter
1406 2502 1587 2589 inputetur,
1616 2502 1704 2590 quod
1731 2503 1764 2566 in
1791 2500 1929 2565 seruicio
1963 2499 2052 2583 regis
2080 2520 2166 2564 nunc
2192 2499 2309 2564 mortui
2327 2513 2360 2556 ¹⁷·

650 2622 790 2690 fideliter
812 2639 847 2682 se
869 2613 996 2698 habuit,
1019 2623 1052 2678 et
1074 2615 1184 2702 siquas
1206 2617 1363 2684 inimicias
1385 2630 1519 2706 propter
1541 2621 1727 2686 mandatum
1749 2621 1836 2705 regis
1859 2617 1921 2684 sibi
1943 2618 2147 2682 commissum
2169 2618 2312 2702 incurrit,

650 2763 711 2830 per
738 2741 879 2803 futurum
907 2754 1021 2818 regem
1051 2731 1192 2798 totaliter
1219 2734 1395 2822 liberetur,
1424 2751 1563 2826 excepto
1585 2740 1625 2805 N.
1651 2740 1738 2806 Olacf
1762 2762 1822 2804 sun
1851 2735 1988 2803 condam
2019 2735 2166 2822 dapifero
2196 2745 2228 2801 et
2257 2757 2312 2800 ex·

652 2858 753 2924 cluso.
800 2853 889 2918 Jtem
911 2851 1100 2918 inimicicias
1123 2863 1156 2918 et
1178 2853 1397 2922 dissensiones
1420 2878 1641 2946 quascumque
1668 2861 1753 2925 inter
1780 2855 1965 2943 regnicolas
1992 2876 2051 2942 pro
2074 2875 2171 2940 posse
2195 2852 2311 2918 sedare
2329 2869 2360 2912 rs

652 2975 773 3042 debeat
799 2982 832 3038 et
858 2972 978 3058 sopire.
1027 2970 1115 3036 Jtem
1147 2972 1235 3060 quod
1264 2995 1376 3041 omnes
1406 2977 1614 3043 fideiussores
1641 2999 1701 3065 pro
1729 2998 1810 3062 rege
1839 2997 1925 3039 nunc
1952 2984 2078 3039 mortuo
2107 2981 2141 3038 et
2163 2973 2309 3059 captiuos
2327 2990 2360 3032 ιο.

652 3117 751 3162 cansa
779 3093 881 3180 ipsius
910 3088 1028 3155 liberet
1055 3111 1128 3156 cum
1156 3092 1290 3157 consilio
1314 3101 1346 3158 et
1368 3094 1489 3162 auxilio
1517 3098 1684 3184 pociorum
1710 3097 1806 3180 regui
1827 3093 1975 3182 proximo
1998 3091 2199 3179 perlamento
2224 3091 2313 3155 inue-

651 3212 786 3296 niendo,
815 3219 848 3274 et
870 3207 997 3273 laboret
1017 3208 1060 3274 ad
1085 3209 1147 3275 hoc
1169 3222 1204 3278 vt
1225 3213 1371 3280 inducias
1401 3214 1547 3280 obtinere
1575 3217 1718 3303 poterint
1739 3213 1914 3298 longiores.
1963 3211 2051 3276 Jtem
2072 3219 2108 3274 vt
2127 3208 2312 3304 burgenses
2329 3227 2361 3268 au

651 3333 754 3399 libere
784 3336 915 3393 utantur
942 3329 1009 3392 suis
1037 3331 1228 3396 mercaturis
1256 3331 1381 3420 absque
1410 3333 1570 3421 aliquibus
1598 3332 1839 3420 granaminibus
1867 3331 1960 3396 nouis
1989 3339 2022 3394 et
2043 3327 2201 3394 theloneis
2223 3328 2313 3415 inpo-

650 3449 779 3533 nendis,
800 3456 834 3513 ct
857 3444 982 3533 absque
1005 3467 1209 3535 quacumque
1236 3458 1335 3538 quota
1355 3454 1637 3518 mercimoniorum
1654 3473 1785 3518 suorum
1816 3450 1936 3515 ducant
1958 3457 2053 3514 extra
2074 3469 2223 3532 reguum,
2246 3468 2309 3534 que

651 3565 827 3637 vendenda
854 3563 1025 3629 habuerint
1051 3564 1105 3630 vel
1133 3567 1286 3653 emenda,
1320 3571 1382 3635 nisi
1411 3593 1454 3636 ex
1480 3569 1671 3636 racionabili
1698 3591 1796 3634 causa
1819 3579 1852 3634 et
1872 3579 2011 3654 urgente
2034 3568 2229 3631 necessitate
2251 3589 2314 3632 rex

654 3689 696 3753 dc
718 3684 881 3751 communi
896 3704 1058 3748 consensu
1073 3684 1242 3751 meliorum
1268 3709 1366 3774 super
1389 3687 1549 3776 aliquibus
1565 3710 1631 3753 non
1649 3686 1849 3753 deducendis
1865 3685 2094 3752 inhibicionem
2116 3683 2246 3749 duxerit
2267 3685 2312 3748 la·

654 3797 813 3872 mendam.
855 3799 945 3866 Jtem
971 3810 1007 3866 vt
1031 3822 1092 3866 rex
1115 3811 1148 3866 ct
1170 3805 1219 3868 sui
1242 3805 1405 3890 officiales,
1428 3808 1522 3894 siqua
1543 3816 1653 3872 mutua
1675 3827 1695 3870 a
1717 3804 1949 3871 mercatoribus
1971 3805 2164 3889 receperint,
2188 3803 2311 3868 eisdem
2329 3821 2361 3861 2¹·

653 3922 861 3990 satisfaciant.
903 3920 992 3985 Jtem
1021 3931 1057 3987 vt
1079 3943 1145 3985 non
1172 3921 1335 3988 tallientur
1363 3927 1432 3991 sine
1462 3925 1701 4010 misericordia,
1731 3928 1814 3991 sicut
1841 3925 1904 3990 huc
1930 3944 2036 4010 vsque
2063 3923 2209 3987 noscitur
2237 3943 2310 3986 essa
2327 3940 2361 3981 aa

655 4043 785 4108 sactum.
828 4039 916 4104 Jtem
937 4037 1109 4104 burdones
1137 4063 1203 4104 non
1224 4052 1402 4127 graueutur
1426 4067 1486 4132 per
1508 4044 1686 4110 aduocatos
1708 4045 1797 4129 regis
1819 4053 1932 4109 contra
1952 4041 2044 4128 leges
2067 4052 2100 4107 ct
2120 4042 2192 4106 iura
2211 4051 2311 4106 terre.
2329 4059 2360 4102 aa

651 4161 738 4228 Jtem
760 4179 826 4223 non
848 4168 1005 4242 cogantur
1028 4179 1190 4244 expensas
1213 4161 1301 4246 regis
1330 4164 1449 4228 ducere
1480 4173 1574 4229 extra
1596 4186 1689 4230 suum
1711 4162 1851 4246 haeractb,
1872 4164 1906 4226 in
1929 4182 1992 4249 quo
2015 4159 2169 4225 resident.
2220 4159 2309 4224 Jtem
2327 4179 2360 4221 ar.
2378 4178 2409 4219 rs.

650 4301 711 4366 per
732 4277 910 4342 aduocatos
937 4277 1025 4362 regis
1055 4276 1141 4342 tallia
1164 4287 1198 4344 et
1218 4283 1408 4364 grauamina
1429 4283 1619 4348 inconsueta
1641 4285 1689 4348 eis
1711 4283 1839 4346 minime
1862 4282 2067 4367 inponantur.
2110 4278 2199 4345 Jtem
2221 4275 2311 4364 quod
2327 4301 2360 4344 aa

653 4395 754 4462 semel
775 4396 809 4458 in
831 4415 915 4458 anno
939 4393 1122 4460 celebretur
1143 4397 1378 4484 parlamentum
1390 4400 1560 4486 Nybnrgh.
1593 4400 1681 4465 Jtem
1703 4411 1738 4464 vt
1761 4400 1890 4464 omnino
1916 4406 2089 4463 conseruet
2110 4396 2203 4482 leges
2219 4393 2309 4461 Wol-
2326 4418 2360 4462 ar.

653 4514 778 4580 demari
799 4513 896 4597 regis,
920 4521 953 4577 et
975 4514 1076 4601 siquis
1097 4516 1130 4580 in
1153 4517 1199 4580 cis
1220 4517 1403 4583 inueniatur
1426 4519 1582 4604 defectus,
1603 4539 1663 4606 per
1686 4517 1844 4583 discretos
1869 4517 1963 4600 regni
1984 4515 2181 4604 suppleatur.
2221 4515 2308 4580 Jtem
2326 4539 2359 4581 sa

651 4630 757 4699 nullus
785 4632 901 4696 citetur
928 4631 971 4697 ad
997 4631 1150 4719 placitum
1176 4635 1265 4721 regis
1288 4637 1476 4723 inmediate,
1499 4648 1549 4703 eet
1569 4638 1673 4725 primo
1701 4636 1744 4701 ad
1772 4635 1924 4724 placitum
1953 4637 2003 4701 sui
2028 4634 2192 4719 hrerrreth,
2222 4643 2255 4698 et
2284 4635 2311 4698 si

651 4890 761 4934 coram
779 4890 859 4955 rege
878 4869 1099 4956 prouocando,
1121 4873 1323 4938 examinetur
1339 4896 1398 4940 sna
1416 4897 1515 4940 causa
1530 4874 1661 4960 ibidem,
1682 4874 1739 4939 vbi
1761 4875 1788 4939 si
1805 4875 1963 4939 iusticiam
1980 4894 2046 4937 non
2062 4870 2220 4956 habuerit,
2236 4889 2315 4957 pro-=

651 4999 786 5052 uocetur
814 4986 857 5051 ad
885 4988 1120 5074 parlamentum
1142 4989 1307 5074 generale.
1350 4992 1438 5058 Jtem
1465 5003 1501 5059 vt
1528 4992 1633 5058 nullus
1658 4995 1730 5080 capi
1753 4991 1871 5058 debeat
1893 5014 1954 5057 nco
1976 4991 2020 5056 ad
2040 4999 2177 5056 mortem
2199 4988 2309 5076 damp-
2325 5011 2360 5052 aa

651 5107 721 5192 narj
744 5105 798 5172 vel
820 5105 914 5171 bonis
936 5108 1066 5194 priuari‚
1088 5108 1150 5173 nisi
1171 5110 1259 5196 prius
1281 5111 1364 5176 iuste
1387 5122 1420 5176 et
1442 5133 1555 5176 secure
1579 5122 1723 5196 vocatus,
1745 5110 1874 5198 publice
1896 5112 2082 5177 incausatus
2105 5118 2138 5173 et
2159 5106 2310 5194 legaliter

652 5225 828 5310 conuictus,
849 5235 946 5313 prout
967 5226 1103 5312 exigunt
1124 5225 1215 5312 leges
1238 5236 1336 5294 terre.
1358 5229 1445 5295 Jtem
1464 5229 1552 5317 quod
1573 5252 1635 5294 rex
1654 5227 1721 5296 noir
1744 5230 1926 5299 offendatur
1947 5233 2042 5298 alicui
2062 5252 2122 5319 pro
2145 5249 2195 5313 eo,
2218 5231 2308 5319 quod
2325 5251 2360 5294 ro.
