5130 6402
1102 665 1123 729 9

236 877 269 922 ιτ,
287 859 375 927 Jtem
393 859 553 946 forbythae
573 859 615 925 wi
636 859 772 946 ncghaer
791 869 826 929 et
846 861 968 947 giaestse
990 885 1019 926 w
1041 861 1190 949 plettclig
1211 862 1247 928 til
1269 863 1396 930 clestaer
1417 861 1506 928 ellaer
1527 862 1564 927 til
1585 861 1653 948 ligh
1675 885 1776 949 men,
1798 886 1853 930 ren
1870 885 1946 931 wer

285 978 381 1044 lethu
404 1001 465 1065 seg
485 1000 590 1065 noyae,
612 1000 682 1043 som
704 977 883 1046 hcsbundse
904 979 955 1046 for
975 1003 1050 1046 mee
1071 993 1105 1048 st
1125 982 1219 1066 giwre
1241 980 1390 1048 hennum.
1414 1002 1466 1046 om
1483 979 1565 1046 tbaer
1586 981 1717 1067 dyreaer
1737 1004 1797 1068 seg
1812 984 1946 1070 noghter

284 1107 318 1164 et
338 1119 436 1162 rowae
459 1119 575 1162 snnaen
595 1106 671 1162 meet
692 1096 779 1162 wold
801 1119 841 1164 oc
863 1097 986 1183 welde,
1008 1099 1065 1166 the
1085 1098 1150 1183 hin,
1172 1099 1252 1164 thaer
1273 1099 1367 1165 waelrl
1389 1121 1426 1166 er
1448 1098 1567 1184 skaetb,
1590 1121 1643 1165 cm
1663 1099 1826 1186 klaerlroer,
1845 1101 1946 1168 bewe

283 1215 331 1281 fut
352 1215 443 1280 melrt
465 1238 505 1281 oe
524 1215 605 1281 raeth
627 1225 661 1280 et
681 1215 761 1302 lysae
783 1215 911 1302 benum,
933 1217 1013 1284 thren
1035 1217 1158 1283 welde
1180 1216 1299 1284 hswoer
1315 1217 1422 1304 gbrtb,
1445 1225 1498 1282 eet
1515 1217 1576 1284 fult
1595 1240 1674 1284 resn
1694 1240 1732 1283 oc
1749 1215 1945 1286 haereaerkoe

285 1341 400 1419 ὄντων,
426 1333 516 1400 allaer
537 1343 571 1400 et
591 1333 637 1399 ful
663 1333 750 1419 fytie
779 1335 829 1399 sin
856 1334 936 1402 raeth
963 1335 1181 1401 mretkirkaes
1204 1335 1278 1401 dcrn
1302 1335 1438 1402 ochsn.
1472 1359 1523 1402 aen
1547 1357 1592 1401 ser
1614 1336 1678 1402 hen
1698 1336 1843 1423 legmen,
1865 1337 1945 1424 lysre

232 1467 264 1510 rt
282 1475 362 1518 reae
385 1473 424 1517 oc
446 1451 642 1519 hserwaerlrae
665 1473 763 1522 owser
784 1455 834 1520 sin
856 1454 1065 1520 shetbaemen.
1109 1454 1198 1520 Jtem
1227 1453 1305 1519 then
1332 1454 1446 1542 hrelyae
1469 1454 1572 1520 kirkae
1590 1455 1606 1540 j
1629 1455 1851 1521 Dennsemsrk
1873 1456 1945 1524 sksl

283 1573 409 1660 glaethae
434 1595 493 1659 seg
514 1596 559 1636 nv
587 1593 626 1638 oe
654 1572 721 1638 beer
744 1572 865 1638 aelthser
887 1575 898 1638 i
919 1573 990 1639 ellae
1012 1573 1121 1639 theros
1142 1572 1274 1659 fribeet,
1295 1572 1361 1638 hun
1383 1573 1499 1640 hsudae
1515 1574 1531 1661 j
1555 1571 1772 1639 Woldaemers
1794 1573 1881 1661 thijt,
1904 1597 1944 1640 ce

284 1691 377 1758 willse
405 1692 462 1776 wi,
490 1700 523 1757 et
544 1693 659 1779 jngoen
687 1712 717 1756 w
744 1691 921 1758 ferresthaer
943 1691 1065 1756 bunne
1091 1692 1107 1778 j
1138 1693 1187 1756 sin
1216 1691 1342 1758 friheet.
1395 1693 1439 1758 At
1467 1691 1538 1756 ellae
1566 1691 1692 1756 thaessee
1721 1691 1815 1778 thing
1842 1691 1945 1758 sknlae

284 1810 389 1876 bliwae
418 1810 589 1893 stetfestoe,
618 1832 689 1876 sem
714 1809 767 1876 for
788 1819 943 1876 scraewaet
966 1819 1069 1891 steer,
1102 1809 1158 1876 the
1190 1809 1397 1896 haederlighse
1431 1809 1532 1876 fedrae
1562 1831 1601 1874 ee
1627 1809 1758 1874 hoerraer
1778 1810 1945 1879 Johennes

286 1927 538 2015 archaebiseopj
562 1928 674 2012 Lund,
705 1929 823 1994 Petrus
845 1927 992 2017 biscopj
1015 1929 1172 2016 Wiburg,
1205 1927 1301 1994 'Pulso
1323 1929 1334 1993 i
1356 1931 1478 2009 Aerus,
1512 1927 1608 1994 Tuho
1631 1929 1643 1992 i
1663 1928 1772 2014 Ripee,
1806 1928 1944 1996 Swaeni

280 2046 430 2131 Bhrlum,
457 2047 616 2134 Jnguerj
640 2045 793 2131 Roskild,
826 2045 1003 2134 Jsecbusj
1028 2047 1192 2132 Sloeswig,
1220 2047 1387 2112 Jehennes
1411 2048 1427 2134 j
1452 2047 1577 2113 Ottaens
1600 2053 1644 2111 wt
1666 2045 1779 2112 weldae
1800 2047 1944 2140 hispepae

282 2185 322 2229 oe
344 2165 519 2249 stetfaestre,
548 2187 676 2250 graewae
698 2165 798 2232 thae
821 2165 858 2230 ef
874 2164 1068 2252 Rslnsbaerg
1090 2189 1129 2232 oe
1150 2165 1343 2233 Woldemer
1365 2165 1402 2230 ef
1418 2164 1545 2232 Rostok
1566 2165 1602 2230 til
1625 2164 1821 2232 ststfestelse
1842 2165 1943 2233 hewse

280 2282 390 2368 beynd
407 2283 515 2348 thaerse
529 2283 676 2370 jngzaeyl
692 2282 744 2348 fer
760 2283 1021 2350 thaessaenbraeff.
1046 2284 1150 2351 Giord
1165 2283 1326 2371 iNybnrg
1343 2305 1401 2348 ser
1418 2304 1458 2348 oc
1475 2282 1572 2370 dagh,
1590 2305 1660 2356 som
1678 2285 1729 2348 ior
1746 2305 1791 2348 aer
1808 2284 1898 2350 seed.

1095 2573 1139 2631 ³..

591 2707 773 2775 Constt'trstsb
798 2710 1016 2797 Ohmhtophors'
1034 2709 1089 2795 II,
1111 2715 1194 2775 1320
1217 2707 1267 2774 die
1288 2715 1330 2772 25
1350 2707 1507 2773 Jannam‘s'
1525 2705 1601 2772 dcto
1612 2709 1634 2772 ¹.

430 2877 475 2944 Jn
496 2877 625 2942 nomine
649 2876 770 2943 domini
791 2900 895 2944 emen.
932 2880 1043 2945 rhene¹
1060 2879 1181 2946 domini
1208 2870 1378 2943 millesimi>
1402 2879 1631 2944 trecentesimo
1653 2879 1809 2944 vicesimo
1826 2882 1867 2968 jn
1889 2880 1941 2946 die

280 2997 502 3062 conuersionis
524 2994 614 3060 besti
629 2995 731 3079 Pauli,
755 2995 1200 3084 conuenientibnsWibergis
1222 2997 1318 3083 regni
1338 2994 1526 3060 melioribus
1547 3017 1614 3060 vna
1635 3018 1708 3062 cunr
1729 2997 1940 3085 popularibus

246 3138 263 3178 ι.
280 3113 324 3180 sd
344 3113 543 3180 eleccionem
560 3117 637 3180 noui
658 3116 757 3200 regis,
778 3114 964 3202 placitatum
986 3115 1045 3180 fuit
1064 3126 1097 3181 et
1118 3115 1324 3181 concorditer
1346 3112 1537 3179 ordinatum.
1564 3113 1609 3179 Jn
1630 3114 1742 3202 primis
1764 3115 1854 3202 quod
1876 3119 1941 3204 epi·
2001 3169 2010 3190 ,

280 3234 371 3320 scopi
398 3255 437 3298 ec
463 3254 605 3320 persone
636 3231 857 3298 ecclesiastice
883 3233 1023 3318 iuribus,
1057 3207 1352 3299 iurisrliooionibns¹
1371 3253 1411 3297 ec
1437 3230 1641 3298 libertatibus
1670 3233 1755 3318 suis,
1783 3231 1941 3300 bonorum

244 3377 264 3417 2
282 3372 413 3416 suorum
436 3359 468 3416 et
489 3351 608 3416 familie
630 3351 776 3442 gaudere
798 3351 942 3418 debeant
960 3351 1081 3437 libere,
1109 3361 1205 3440 prout
1226 3373 1271 3418 ex
1292 3353 1424 3439 antiquo
1447 3361 1694 3416 consueuertmt.
1737 3350 1826 3418 Jtem
1849 3352 1938 3440 quod
2063 3433 2065 3452 .

280 3468 406 3534 decime
430 3468 642 3534 ecclesiarum
663 3491 729 3535 non
750 3479 902 3558 petentur
922 3492 985 3536 nec
1006 3471 1217 3557 recipientur,
1240 3470 1302 3534 nisi
1324 3469 1487 3536 sufficiens
1510 3469 1621 3534 eeucio
1643 3468 1731 3534 fecte
1750 3469 1848 3536 fuerit
1868 3494 1941 3560 pre-

245 3612 268 3656 s.
286 3587 361 3653 letis
383 3587 595 3653 eeclesiarum
617 3598 651 3654 et
671 3588 886 3678 parochianis,
908 3588 948 3653 de
972 3611 1037 3676 que
1059 3589 1201 3654 contenti
1222 3588 1341 3654 fuerint
1354 3599 1391 3672 et
1412 3586 1580 3652 certificati
1602 3585 1810 3654 sufficienter.
1852 3589 1941 3656 Jtem

278 3728 345 3772 non
372 3707 512 3772 uitentur
538 3705 647 3793 clericj
676 3706 719 3772 od
740 3706 892 3795 placitum
914 3706 1062 3808 seculare
1085 3705 1139 3772 vel
1161 3727 1271 3772 coram
1293 3706 1399 3772 iudice
1428 3704 1582 3792 secularp‘,
1615 3713 1666 3772 set
1694 3727 1802 3772 eoram
1833 3708 1939 3774 iudice

243 3850 262 3891 r.
280 3847 339 3891 suo
364 3824 585 3891 eeclesiastico
607 3847 667 3912 pro
690 3847 892 3914 quecumque
915 3848 1014 3892 oense
1036 3827 1175 3892 eitentur
1198 3834 1231 3892 et
1251 3824 1373 3890 ibidem
1394 3824 1552 3910 legittime
1575 3824 1819 3892 conuincentur.
1851 3826 1940 3892 Jtem

278 3943 379 4046 quod,
392 3943 499 4010 nullus
530 3954 705 4010 extraneus
732 3945 843 4030 ignote
872 3943 982 4032 lingue
1011 3943 1065 4010 vel
1091 3944 1282 4032 imperfecte
1310 3945 1404 4010 etatis
1433 3941 1477 4007 ad
1504 3921 1645 4029 aliquem
1674 3942 1846 4009 eeclesiam
1867 3967 1940 4032 pre·

243 4072 435 4129 ssentetur.
479 4064 568 4130 Jtem
588 4073 624 4128 vt
645 4085 711 4129 non
739 4062 890 4128 telientur
912 4062 1021 4151 clericj
1044 4063 1099 4129 vel
1121 4063 1342 4128 ecclesiastice
1370 4083 1510 4149 persone
1538 4083 1602 4126 nec
1622 4082 1683 4148 per
1703 4059 1827 4128 littores
1849 4063 1938 4148 regis

244 4207 264 4248 s
282 4182 484 4269 aliquatenus
507 4189 737 4268 eggrauentur.
776 4183 864 4247 Jtem
886 4203 907 4246 e
928 4182 1151 4248 sacerdotibus
1172 4180 1411 4268 parochialibus
1433 4180 1475 4246 de
1497 4181 1593 4246 terris
1615 4181 1672 4246 vni
1693 4180 1781 4245 curie
1804 4201 1878 4266 sue,
1905 4182 1939 4247 in

221 4281 263 4370 's
282 4322 346 4388 quc
367 4299 580 4386 personahter
601 4301 736 4385 residet,
759 4299 983 4369 ediscentibus
1010 4301 1132 4366 nullum
1154 4301 1325 4366 seruieiurn
1347 4301 1474 4385 regium
1496 4299 1657 4398 erigetur.
1701 4300 1791 4392 Jtem
1812 4307 1849 4365 vt
1871 4297 1940 4364 nul·

278 4417 344 4482 lum
367 4417 519 4484 clericum
540 4419 584 4484 ed
608 4418 749 4506 aliquem
778 4420 950 4484 ecclesium
976 4427 1158 4507 presentet,
1189 4420 1252 4484 nisi
1277 4419 1311 4483 in
1339 4440 1404 4505 que
1432 4441 1557 4484 merem
1591 4420 1642 4483 ius
1669 4426 1858 4504 patronatus
1884 4415 1939 4482 hs·

241 4553 262 4596 s
280 4534 397 4601 bueret
419 4559 462 4602 ex
484 4540 626 4626 entique.
668 4538 756 4603 Jtem
778 4545 814 4604 vt
835 4537 940 4604 nullus
963 4540 1135 4624 episcopus
1158 4561 1217 4604 seu
1238 4536 1459 4603 ecclesiastice
1478 4559 1621 4624 persone
1643 4536 1804 4622 cupiatur,
1826 4532 1938 4599 exulet

237 4649 241 4654 ’
276 4653 330 4720 vel
351 4655 446 4721 bonis
469 4657 535 4722 suis
556 4657 703 4742 priuetur
722 4658 786 4722 nisi
808 4656 852 4722 ed
871 4656 1058 4721 mandatum
1080 4659 1195 4744 summj
1217 4657 1378 4743 pontilicis
1401 4655 1558 4743 speciale,
1587 4656 1614 4720 si
1634 4654 1733 4721 fuerit
1755 4653 1937 4740 episcopus,

276 4782 327 4837 set
349 4773 378 4838 si
397 4774 530 4840 inferior
557 4774 694 4840 clericus
719 4777 928 4864 quicumque,
951 4774 994 4841 ed
1015 4776 1201 4841 mandatum
1229 4777 1278 4842 sui
1306 4773 1460 4840 ordinarii
1486 4771 1602 4840 iudicis
1624 4770 1814 4860 spiritualis,
1848 4770 1938 4836 dum·

241 4912 260 4953 s.
278 4892 375 4956 modo
404 4913 513 4958 cerem
540 4915 581 4960 ee
610 4895 766 4960 canonice
794 4894 890 4960 suerit
918 4896 1095 4960 conuictus.
1137 4894 1226 4960 Jtem
1247 4915 1314 4958 non
1335 4903 1512 4980 gratentur
1535 4890 1676 4958 claustro
1696 4912 1756 4980 per
1778 4897 1939 4976 equos-et

344 5180 527 5235 ¹Membrsns
543 5184 677 5252 originalis
695 5183 793 5235 srehini
810 5185 888 5252 regii,
912 5183 955 5234 eni
971 5181 1058 5250 sigilis
1074 5169 1448 5250 aumm‚'residuispressu1is
1466 5186 1590 5249 quatuor,
1614 5185 1642 5232 et
1658 5180 1701 5231 eui
1723 5195 1740 5230 s
1760 5165 1834 5246 tergo
1858 5191 1936 5229 mene

274 5270 381 5336 antique
398 5271 550 5337 inscriptum
570 5275 622 5322 est:
639 5271 831 5336 Hsndfestning
849 5268 986 5322 Oristofori
1003 5269 1076 5336 regis
1093 5270 1236 5320 Danornm.
