5242 6414
1121 703 1162 772 15

311 907 408 989 ciam,
435 915 555 970 metum
582 904 637 970 vel
665 907 866 972 coactionem
889 929 947 994 per
972 929 1087 994 regem
1109 904 1163 974 vel
1191 929 1248 973 suo
1270 908 1400 974 nomine
1424 916 1568 992 extorta,
1602 909 1688 975 vires
1710 907 1816 973 nullas
1840 910 1971 974 omnino

258 1038 291 1079 *t
310 1022 450 1088 habeant
477 1034 510 1089 et
536 1023 771 1090 annichilentur
799 1027 927 1112 penitus
960 1037 992 1092 et
1025 1037 1202 1092 cassentur.
1257 1027 1339 1092 Item
1373 1025 1491 1113 arfkfip
1522 1024 1563 1090 de
1593 1038 1701 1092 cetero
1732 1049 1798 1092 non
1828 1026 1973 1093 soluatur

260 1158 293 1200 sa
310 1143 396 1220 nec¹
418 1141 459 1206 ab
482 1141 642 1228 aliquibus
664 1165 723 1230 per
745 1143 923 1210 aduocatos
952 1145 1113 1230 exigatur.
1156 1145 1239 1211 Item
1263 1145 1434 1232 expedicio
1460 1144 1585 1210 naualis
1607 1145 1790 1211 nullatenus
1814 1145 1971 1230 edicatur,

309 1263 372 1325 nisi
391 1282 513 1347 urgens
535 1271 568 1326 et
591 1260 725 1326 euidens
747 1263 925 1329 necessitas
947 1264 1112 1348 ingruerit,
1136 1273 1168 1328 et
1190 1263 1251 1328 hoc
1275 1262 1315 1364 dc
1339 1262 1473 1329 consilio
1497 1263 1722 1350 episcoporum
1746 1273 1779 1330 et
1800 1265 1969 1330 meliorum

259 1395 293 1436 a.
310 1381 404 1464 regni
426 1380 523 1446 fuerit
543 1380 734 1446 ordinatum.
778 1380 861 1446 Item
882 1381 1048 1465 militibus,
1071 1381 1213 1466 clericis,
1241 1381 1411 1468 armigeris
1435 1381 1616 1468 ceterisque
1640 1382 1734 1468 regni
1755 1382 1870 1448 incolis
1893 1405 1973 1447 nun·

312 1519 408 1586 quam
429 1497 626 1581 inhibeatur,
654 1521 695 1562 ne
718 1499 806 1565 hona
834 1522 893 1566 sua
920 1501 1040 1566 ducant
1066 1501 1151 1566 infra
1171 1522 1308 1586 regnum
1329 1498 1384 1565 vel
1407 1511 1501 1564 extra
1509 1549 1517 1583 ,
1540 1511 1636 1587 prout
1659 1502 1706 1564 eis
1729 1500 1893 1566 videbitur
1917 1523 1972 1566 ex-

266 1631 298 1672 st
314 1616 438 1703 pedire.
480 1617 563 1682 Item
584 1639 650 1682 non
671 1617 876 1686 inueniuntur
897 1641 982 1685 noue
1003 1619 1112 1706 leges,
1145 1620 1208 1684 nisi
1231 1618 1272 1684 de
1295 1640 1458 1684 consensu
1478 1619 1576 1684 totius
1597 1619 1692 1704 regni
1714 1620 1747 1684 in
1769 1619 1973 1707 parlamento

313 1735 459 1820 generali
480 1738 627 1822 proxime
650 1736 865 1822 celebrando,
897 1739 930 1802 in
954 1759 1018 1828 quo
1040 1737 1195 1804 videlicet
1215 1737 1419 1824 parlamento
1441 1737 1538 1803 liceat
1557 1739 1631 1823 regi
1653 1737 1694 1802 de
1717 1759 1881 1804 consensu
1902 1760 1974 1826 pre·

314 1852 449 1920 latorum
472 1865 506 1920 et
528 1854 694 1920 meliorum
717 1857 813 1942 regni
834 1855 1038 1944 supradictos
1059 1855 1212 1922 articulos
1239 1866 1382 1940 mutere,
1416 1856 1594 1921 diminuere
1622 1854 1676 1922 vel
1706 1857 1869 1942 augere&
1903 1879 1975 1942 gra-

314 1992 392 2038 uare
415 1971 468 2037 vel
491 1974 593 2038 eciam
622 1973 790 2058 alleuiare,
824 1974 1002 2042 secundum
1030 1975 1118 2064 quod
1146 1975 1305 2062 profectui
1334 1984 1367 2040 et
1387 1973 1502 2040 honori
1526 1995 1646 2038 corone
1669 1983 1701 2039 et
1722 1975 1817 2062 regni
1840 1986 1873 2042 et
1895 1976 1976 2042 vtili-

315 2090 374 2156 tati
395 2089 573 2178 reipublice
595 2092 714 2158 viderit
738 2093 905 2181 expedire.
949 2093 1018 2158 Nos
1040 2094 1138 2178 igitur
1159 2092 1389 2160 Waldemarus
1412 2092 1466 2158 dei
1488 2092 1624 2178 gracia³
1651 2092 1820 2159 Dacorum
1843 2090 1976 2160 S'clauo·

315 2231 449 2296 rumque
480 2231 542 2274 rex
569 2219 602 2275 et
625 2211 814 2277 Gherardus
843 2211 958 2278 eadem
985 2213 1097 2298 gracia
1127 2231 1236 2276 comes
1257 2211 1412 2277 Holsacie
1442 2220 1475 2277 et
1497 2211 1673 2277 Stormarie
1705 2233 1766 2298 per
1795 2211 1893 2278 fidem
1921 2234 1977 2277 no·

315 2337 414 2392 stram
435 2328 568 2394 firmiter
588 2330 801 2416 promittimus
824 2339 857 2394 et
878 2351 938 2395 nos
959 2330 1003 2395 ad
1023 2329 1112 2395 hoc⁴
1135 2351 1195 2417 per
1215 2340 1386 2418 presentes
1409 2328 1568 2395 stabiliter
1588 2330 1780 2418 obligamus,
1803 2329 1892 2418 quod
1914 2351 1975 2396 nos

315 2445 543 2512 Waldemarus
558 2469 620 2513 rex
635 2448 799 2534 predictus
816 2451 975 2536 premissa
992 2450 1099 2514 omnia
1118 2458 1151 2514 et
1168 2447 1336 2536 quodlibet
1353 2449 1586 2536 premissorum
1602 2471 1747 2514 necnon
1766 2457 1799 2514 et
1818 2470 1931 2514 omnes
1943 2459 1978 2516 et

316 2563 459 2649 singulos
486 2565 655 2651 articulos,
688 2589 770 2654 quos
793 2567 940 2632 dominus
964 2567 1193 2654 Cristophorus
1222 2566 1385 2654 quondam
1412 2589 1474 2632 rex
1495 2567 1663 2632 Dsnorum
1685 2569 1719 2632 in
1740 2566 1887 2652 generali
1908 2566 1976 2655 pla·
2076 2553 2079 2560 ¹

316 2683 379 2748 cito
402 2681 616 2769 Wibergensi
635 2685 782 2772 promisit
803 2695 964 2772 tempore,
988 2707 1051 2772 quo
1074 2687 1107 2750 in
1128 2707 1241 2771 regem
1260 2687 1428 2750 Dacorum
1449 2685 1509 2750 fuit
1531 2685 1670 2770 electus,
1702 2695 1799 2772 prout
1821 2686 1854 2750 in
1874 2685 1976 2752 literis

317 2802 383 2866 suis
403 2799 589 2889 patentibus
613 2802 673 2868 sub
697 2825 755 2868 suo
778 2803 884 2890 sigillo
907 2815 940 2871 et
961 2804 1131 2870 meliorum
1152 2805 1246 2890 regni
1267 2825 1366 2889 super
1388 2804 1450 2869 hoc
1473 2803 1629 2870 confectis
1652 2807 1850 2889 continetur,
1879 2805 1977 2871 debe·

315 2921 412 2984 musi
443 2920 577 2986 firmiter
610 2931 644 2986 et
670 2919 899 2987 inuiolabiliter
925 2922 1091 3010 perpetuis
1118 2920 1318 3008 temporibus
1342 2920 1535 2988 obseruare.
1589 2923 1728 3010 Insuper
1756 2944 1816 2988 nos
1845 2924 1978 2990 Walde·

316 3061 424 3104 marus
446 3062 508 3104 rex
530 3048 563 3103 et
585 3038 625 3104 G.
648 3062 758 3106 comes
783 3041 959 3130 supradicti
981 3040 1194 3128 promittimus
1217 3039 1401 3122 bonafide,
1424 3039 1512 3127 quod
1533 3062 1593 3128 pro
1613 3041 1805 3128 promissis⁶
1828 3041 1976 3108 omnibus

316 3156 466 3242 firmiter,
499 3165 535 3222 ut
555 3159 766 3245 premittitur,
796 3158 1010 3227 obseruandis
1030 3160 1065 3224 in
1086 3158 1286 3246 parlamento
1309 3157 1457 3242 generali
1478 3160 1626 3245 proximo
1649 3157 1845 3225 celebrando
1869 3162 1978 3248 ampli-

318 3297 407 3342 orem
427 3276 582 3340 laciemus
605 3278 793 3342 caucionem
817 3278 995 3344 secundum
1022 3277 1191 3343 meliorum
1218 3279 1313 3364 regni
1343 3276 1528 3360 consilium,
1549 3287 1647 3364 prout
1668 3277 1715 3341 eis
1737 3276 1899 3343 videbitur
1923 3300 1979 3345 ex·

316 3395 440 3482 pedire.
483 3393 521 3458 In
551 3394 640 3460 ouius
667 3397 716 3460 rei
742 3397 960 3462 testimonium
989 3406 1022 3462 et
1047 3397 1248 3462 euideuciam
1275 3395 1451 3460 firmiorem
1478 3393 1585 3481 sigilla
1611 3405 1722 3460 nostra
1754 3417 1818 3460 vna
1843 3419 1914 3461 cum
1938 3397 1979 3462 si-

318 3511 402 3598 gilhs
424 3511 660 3578 venerabilium
681 3523 808 3601 patrum
831 3515 1033 3582 dominorum
1054 3508 1181 3580 Nicolai
1202 3513 1446 3601 Burglansnsis,
1474 3514 1566 3580 Petri
1589 3513 1798 3597 Ottoniensis‚
1819 3514 1979 3582 Iohannis

315 3629 466 3718 Ripensis
494 3639 527 3694 et
549 3631 696 3697 Tuhonis
718 3632 947 3719 Wibergensis
977 3635 1219 3722 episcoporum,
1252 3634 1422 3700 Swenonis
1451 3633 1546 3698 electi
1572 3633 1759 3698 Arusiensis
1787 3633 1977 3719 confirmati,

318 3747 490 3812 Laurencii
510 3749 657 3815 Jbusson
678 3751 842 3838 quondam
865 3751 1017 3838 dapiferi,
1049 3751 1178 3818 Albcrti
1198 3752 1402 3838 Albrictson,
1435 3751 1592 3817 Lodouiei
1613 3750 1817 3836 Albrictson,
1849 3752 1977 3818 Nicolai

276 3889 278 3894 ·
319 3865 428 3930 Brock
450 3867 601 3951 senioris,
622 3867 747 3934 Nicolai
770 3871 914 3956 Scaning
935 3869 1123 3954 marshalci,
1150 3871 1254 3956 Erici,
1276 3869 1377 3956 Abel,
1406 3870 1624 3954 Waldemari,
1645 3869 1794 3955 Augonis
1814 3870 1977 3955 Yuerson,

320 3983 412 4049 Pauli
432 3984 630 4070 Petberson,
651 3986 769 4053 Jacobi
792 3989 943 4075 Grubbe,
964 3987 1082 4056 Jacobi
1102 3988 1272 4074 Rostathl,
1299 3991 1392 4055 Pauli
1413 3990 1628 4076 Magnusson,
1658 3989 1748 4054 Petri
1769 3987 1978 4073 Petbersson,

318 4101 445 4168 Nicolai
466 4103 576 4168 Broclr
594 4105 749 4193 junioris,
781 4109 930 4194 hugonis
952 4107 1122 4191 Eshilscn,
1157 4108 1331 4173 Laurencii
1352 4109 1560 4192 Lafrinsson,
1593 4106 1741 4172 Ebbcnis
1765 4106 1856 4192 Galt,
1889 4107 1980 4172 Petri

319 4221 479 4306 Rusticus,
502 4221 663 4290 Thorhilli
683 4226 870 4312 Ebbysson,
892 4226 981 4291 Petri
1004 4226 1149 4310 Grubbe,
1172 4227 1365 4312 Strangonis
1387 4227 1548 4312 Esgeson,
1570 4226 1681 4292 Pethri
1703 4225 1865 4310 Weether,
1889 4223 1984 4290 Petri

320 4337 497 4406 Gddbeson
520 4351 552 4406 et
572 4343 690 4409 Jacobi
710 4344 880 4412 Niclesson
901 4344 1107 4434 presentibus
1129 4345 1229 4412 literis
1253 4354 1326 4410 sunt
1354 4366 1510 4432 appensa.
1553 4344 1671 4412 Actum
1699 4354 1731 4410 et
1761 4343 1870 4410 datum
1892 4343 1979 4428 loco,

319 4479 403 4523 anno
425 4469 460 4524 et
481 4458 533 4525 die
557 4463 760 4550 supradictis.

388 4751 467 4806 ¹Pro
485 4758 565 4820 „ned’
581 4756 616 4806 B:
635 4772 690 4822 per.
775 4751 842 4806 ⁹13:
859 4769 957 4822 augere
974 4753 1017 4804 val
1034 4755 1157 4806 minuere.
1248 4749 1315 4804 ³1³:
1333 4753 1376 4804 dei
1394 4754 1494 4820 mecm,
1513 4753 1595 4804 deest.
1679 4747 1746 4803 ⁴13:
1766 4752 1799 4804 ad
1816 4751 1874 4816 hoe,
1893 4753 1978 4804 deest.

319 4834 384 4890 ιΒε
404 4840 564 4940 debebimps.
631 4838 698 4892 8Βε
716 4843 856 4909 premissis.
923 4835 938 4876 ⁷
956 4841 993 4892 13:
1011 4839 1141 4892 Boletath.
