5032 6418
1816 703 1857 768 69

234 903 354 968 Wisoh
378 902 548 988 (lapitanei
571 902 679 968 Castri
707 900 1007 986 Haderslebiensis,
1040 904 1145 968 teneri
1175 901 1275 968 debet
1304 903 1391 967 omni
1412 924 1496 968 anno
1528 905 1677 989 proxima
1705 905 1757 968 die
1785 905 1900 970 feriata

222 1031 315 1122 ¹post
343 1022 470 1106 georgii
491 1022 647 1105 martiris3
680 1042 740 1108 pro
770 1018 826 1084 illa
846 1019 932 1086 idam
955 1019 1061 1086 Wolff
1084 1021 1219 1086 donauit
1244 1019 1332 1086 nihil.
1383 1019 1451 1085 Sed
1477 1019 1560 1086 filius
1590 1022 1659 1085 eius
1686 1021 1899 1088 Hennekinus

234 1138 388 1205 habitans
410 1140 443 1204 in
464 1137 600 1226 Eelsbyl
622 1141 769 1226 promisit
790 1139 930 1227 capitulo
953 1163 1021 1205 xxv
1043 1163 1103 1206 mr.
1125 1139 1202 1222 lub.‚
1225 1151 1260 1206 vt
1282 1160 1321 1204 eo
1342 1138 1457 1203 melius
1479 1148 1627 1204 teneatur
1651 1162 1723 1204 cum
1745 1143 1901 1206 memoria

233 1259 338 1345 patris
361 1261 411 1324 sui
434 1259 539 1325 Wolff
556 1280 620 1324 van
649 1257 708 1322 der
729 1258 855 1343 Wyseh
886 1257 1003 1323 eodem
1032 1259 1084 1323 die
1113 1259 1200 1322 omni
1227 1279 1311 1322 anno
1334 1256 1419 1322 velle
1447 1256 1573 1322 soluere
1596 1259 1617 1343 ij
1641 1281 1700 1323 mr.
1723 1281 1782 1344 pro
1806 1259 1900 1325 dictis

235 1379 413 1462 memoriis,
436 1399 604 1464 quousque
628 1375 746 1442 dietam
769 1399 923 1440 summam
946 1389 1099 1463 exponet.

390 1496 550 1562 Memoria
570 1495 700 1580 Domini
725 1495 890 1581 Laurentij
920 1494 1047 1560 Nioolai
1070 1496 1164 1560 iurati
1190 1497 1225 1558 in
1245 1494 1370 1581 Heylse
1399 1505 1433 1560 et
1459 1495 1598 1560 Mariani
1624 1497 1657 1560 in
1680 1496 1899 1580 Hadersleue3

234 1615 279 1680 ad
306 1615 393 1681 illam
422 1623 496 1680 sunt
517 1612 664 1679 redditus
694 1614 715 1699 ij
744 1636 803 1678 mr.
828 1624 861 1677 et
889 1615 975 1678 eirea
1005 1613 1076 1700 vjll
1100 1616 1132 1679 in
1160 1613 1254 1680 bonis
1283 1613 1413 1678 Auders
1440 1614 1598 1696 Jonsson‚
1631 1624 1746 1700 postea
1774 1615 1898 1680 Jaohim

232 1733 431 1816 Reuentlotl,
453 1732 593 1798 nuncin
614 1730 709 1796 bonis
732 1731 836 1818 Tyme
859 1731 1054 1816 Smalstede,
1077 1733 1174 1820 empti
1196 1755 1256 1818 pro
1278 1755 1350 1796 xxx
1372 1754 1429 1796 mr.
1452 1731 1516 1797 lub.

387 1851 483 1916 Anno
499 1851 631 1934 Domini
649 1850 945 1916 uccccuxfflo
962 1850 1040 1916 obiit
1057 1852 1215 1916 Dominus
1227 1851 1366 1936 Tymmo
1380 1849 1562 1916 Smalstode
1576 1851 1708 1936 Cantor,
1731 1850 1901 1918 Dominica

232 1980 310 2056 post
334 1971 475 2034 omnium
498 1969 701 2034 Sanctorum.

387 2087 544 2151 Memoria
570 2085 688 2151 nobilis
705 2087 880 2160 ¹Gotsouloi
908 2111 972 2154 van
1001 2088 1157 2174 Sigghem
1191 2089 1294 2152 teneri
1328 2086 1427 2152 debet
1460 2087 1546 2152 omni
1573 2109 1657 2152 anuo
1693 2089 1726 2152 in
1755 2090 1900 2176 profesto

234 2205 295 2270 Sti.
308 2207 410 2270 marei
422 2203 657 2290 Evangelistae3
680 2204 722 2270 ad
744 2204 831 2270 illam
848 2191 942 2271 datus
958 2207 1017 2271 fuit
1034 2229 1147 2293 equus,
1164 2208 1219 2293 qui
1235 2206 1386 2271 venditus
1402 2207 1463 2270 fuit
1478 2227 1538 2291 pro
1555 2229 1625 2270 xxv
1642 2229 1691 2270 mr
1692 2254 1787 2272 .....
1801 2207 1824 2287 ll

386 2323 544 2388 Memoria
571 2323 709 2389 Domine
739 2325 925 2409 Margareto
960 2325 1001 2390 cle
1027 2323 1167 2390 Aneuelt
1198 2326 1302 2390 teneri
1333 2323 1432 2390 debet
1460 2325 1546 2389 eirea
1573 2326 1628 2410 xjn
1656 2326 1816 2410 virginum
1846 2327 1899 2390 die

233 2463 379 2527 congruo
412 2451 509 2529 prout
535 2439 614 2505 obiit
641 2440 708 2506 soil.
742 2441 845 2506 altera
872 2443 925 2508 die
958 2445 1012 2530 xio
1040 2445 1218 2529 virginum3
1252 2442 1295 2508 ad
1322 2443 1407 2508 illam
1438 2453 1512 2508 sunt
1539 2443 1573 2508 xl
1602 2467 1661 2508 mr.
1695 2443 1781 2530 apud
1814 2444 1901 2508 Hen-

232 2560 319 2626 neke
350 2559 491 2642 Stakon,
529 2569 644 2646 postea
676 2559 789 2625 Bertel
821 2561 954 2626 Hansen
988 2564 1074 2627 oiroa
1100 2563 1220 2644 forum,
1254 2583 1325 2648 quae
1360 2560 1545 2625 reddituant
1578 2563 1740 2627 annuatim
1774 2563 1807 2647 iij
1843 2585 1900 2628 mr.
2007 2564 2014 2582 '

385 2796 439 2862 Ad
467 2795 553 2860 diem
580 2796 790 2862 Jnuenoionis
819 2797 865 2862 St.
888 2798 1044 2885 Stephani
1071 2800 1228 2863 memoria
1254 2798 1384 2863 Domini
1415 2796 1543 2882 Detleuj
1575 2797 1762 2864 Reuentloff
1784 2799 1901 2884 militis,

233 2917 394 3003 oapitanej
419 2915 581 3002 quondam
604 2917 636 2979 in
659 2915 759 2980 Gram
782 2925 814 2980 et
836 2918 947 2982 uxoris
970 2917 1041 3003 ojus
1064 2915 1196 3004 Sophia.

385 3034 543 3099 Memoria
569 3034 699 3120 Domiuj
722 3032 855 3098 Detleui
875 3034 1066 3100 Reuentlow
1101 3035 1209 3100 militis
1237 3035 1278 3099 de
1300 3057 1392 3120 gram
1419 3035 1523 3099 teneri
1551 3033 1652 3098 <lebet
1678 3044 1793 3120 quarta
1819 3035 1902 3100 feria

233 3161 308 3238 post
334 3152 452 3218 fastuum
481 3153 583 3218 sancti
610 3152 694 3238 petri
722 3151 765 3216 ad
791 3151 937 3237 vincula,
970 3164 1006 3218 vt
1034 3153 1128 3238 obiit3
1160 3175 1220 3241 pro
1249 3175 1314 3240 qua
1339 3151 1482 3218 tenenda
1513 3173 1599 3218 vxor
1626 3153 1696 3217 eius
1723 3155 1901 3239 assignauit

234 3269 375 3358 ¹capitulo
404 3293 501 3336 vnum
530 3270 665 3336 fundum
692 3270 861 3336 Jaoentem
890 3271 923 3334 in
949 3274 1099 3358 opposito
1130 3272 1244 3337 domus
1267 3271 1357 3336 Oleff
1376 3270 1479 3354 Smyd
1507 3272 1587 3336 eiuis
1615 3269 1899 3337 Hederslebiensis

235 3391 268 3453 in
296 3388 431 3454 australi
459 3397 552 3475 parte
588 3390 675 3453 eirca
708 3401 864 3473 castrum,
897 3412 994 3477 quom
1028 3392 1104 3455 emit
1130 3391 1290 3456 Dominus
1317 3391 1470 3454 Hinricus
1502 3389 1680 3474 Hermannj
1716 3389 1899 3456 (lenonious

236 3505 520 3572 Hadorslebiensis
543 3529 564 3572 a
586 3507 672 3571 dioto
697 3507 847 3594 Capitulo
875 3528 935 3595 pro
963 3531 1010 3573 xx
1031 3533 1090 3574 mr.
1113 3507 1179 3575 lub.
1203 3519 1237 3574 et
1256 3509 1408 3595 imposuit
1430 3507 1546 3572 dictam
1570 3529 1726 3572 summam
1747 3510 1781 3572 iu
1803 3507 1899 3574 domo

234 3625 359 3692 Thome
372 3625 548 3691 Knudssen
570 3635 666 3690 extra
685 3637 812 3712 portam
834 3649 899 3714 qua
919 3629 984 3693 itur
1005 3628 1048 3693 ad
1070 3626 1227 3714 capellam
1244 3626 1302 3693 Sti.
1315 3627 1443 3712 georgii
1465 3635 1497 3689 et
1518 3625 1681 3690 reddituat
1702 3627 1796 3712 ijmr.

384 3744 542 3809 Memoria
573 3744 736 3809 Henneke
777 3745 901 3811 Staken
940 3744 1103 3833 quondam
1143 3745 1314 3832 (lapitanei
1352 3746 1386 3809 in
1427 3743 1617 3810 Hadorslaff
1652 3746 1756 3808 teneri
1800 3743 1899 3810 debet

234 3863 398 3928 annuatim
431 3865 519 3928 oiroa
548 3863 755 3930 inuentionis
789 3865 836 3928 st.
870 3866 975 3928 amois
1007 3873 1103 3951 prout
1119 3883 1121 3888 ’
1136 3863 1215 3929 obiit
1246 3863 1340 3928 simul
1375 3887 1446 3928 oum
1475 3864 1631 3928 memoria
1663 3865 1774 3928 vxoris
1808 3885 1897 3945 suae3

234 3979 277 4045 ad
297 3980 385 4045 illam
408 3980 568 4046 dabantur
588 4004 636 4046 xx
657 4004 716 4046 mr.

386 4099 544 4166 Memoria
559 4099 659 4192 validi
677 4103 737 4166 viri
750 4101 879 4167 Ottonis
896 4101 987 4166 Moth
1004 4111 1079 4188 post
1097 4102 1215 4166 festum
1234 4101 1425 4166 dominicam
1437 4099 1538 4165 letare
1550 4111 1708 4187 perpetuo
1727 4099 1897 4184 seruanda,

235 4239 294 4304 pro
317 4239 383 4304 qua
402 4217 681 4284 fundandadodit
702 4242 749 4284 xx
765 4219 848 4286 fl.1t.

385 4337 479 4401 Jnfra
501 4337 619 4422 scripte
643 4336 735 4403 litere
759 4348 907 4425 spactant
928 4339 970 4403 ad
993 4337 1231 4404 consolationes
1250 4346 1283 4402 et
1303 4341 1477 4402 memorias
1500 4359 1584 4402 anno
1607 4335 1804 4402 xvoxxu.
1844 4335 1897 4400 Ad

235 4456 421 4520 memoriam
451 4457 636 4540 lllargarete
667 4457 708 4520 de
737 4455 884 4540 Aleuelt,
918 4456 1072 4522 Similiter
1099 4455 1246 4542 Siluestrj
1273 4455 1437 4538 Heysten‚
1470 4477 1542 4520 xxx
1569 4479 1628 4520 mr.
1651 4454 1733 4536 lub.;
1768 4454 1896 4518 dornine

236 4573 330 4638 Anne
348 4572 473 4638 Holkos
502 4577 664 4640 annuatim
687 4597 758 4640 xxx
771 4573 793 4654 β
817 4574 881 4640 lub.
926 4575 1037 4640 Litora
1058 4577 1220 4640 momoriae
1242 4574 1306 4639 Jde
1328 4571 1493 4639 Zesteden
1521 4584 1554 4637 et
1575 4573 1706 4637 Domini
1729 4571 1897 4636 Benedicti

235 4690 399 4757 Zestedon
426 4693 469 4757 Jn
498 4693 591 4757 bonis
617 4693 693 4758 Otto
718 4693 882 4758 Zestedon
912 4695 944 4758 in
972 4693 1104 4780 angulis
1130 4692 1206 4758 ville
1237 4691 1418 4758 Stenberoh
1439 4693 1469 4777 je
1479 4713 1550 4756 xxx
1569 4692 1596 4771 ll
1616 4691 1681 4756 lub.
1713 4690 1897 4755 reddituant

235 4809 291 4895 viij
306 4811 332 4890 ll
345 4809 410 4876 lub.
434 4813 588 4876 terminus
610 4813 705 4876 trium
728 4813 864 4898 Regum.

386 5048 594 5114 Honorabilis
617 5049 775 5113 Dominus
797 5049 956 5114 Detleuua
979 5047 1084 5114 Wulff
1108 5049 1282 5113 canonieus
1310 5045 1595 5112 Haderslebionsis
1623 5057 1656 5110 et
1678 5046 1896 5111 Struotuarius

238 5165 381 5231 eiusdem
410 5169 546 5232 instituit
573 5179 606 5232 et
632 5166 779 5231 fundauit
805 5189 901 5232 vnam
930 5166 1108 5232 solemnem
1130 5166 1390 5232 consolacionem
1417 5167 1451 5230 in
1479 5163 1634 5230 honorem
1662 5164 1720 5231 Sti.
1738 5163 1896 5229 Joharmis

239 5284 408 5371 Baptistae3
431 5284 473 5349 acl
494 5283 580 5350 illam
604 5285 874 5350 manutenendam
898 5285 1029 5350 donauit
1050 5307 1096 5350 xv
1118 5309 1176 5351 mr.
1200 5296 1234 5351 et
1253 5284 1438 5350 reddituaut
1454 5286 1469 5371 j
1486 5305 1545 5348 mr.
