4932 6404
1051 708 1089 772 13

237 910 429 975 mercaturis
457 908 582 996 absque
612 907 773 996 aliquibus
800 907 1041 994 grauaminibus
1068 930 1108 974 ao
1134 908 1228 974 nouis
1261 907 1432 974 theoloniis
1462 907 1680 994 imponendis,
1715 917 1748 973 et
1774 907 1900 998 absque

242 1049 444 1115 quacumque
474 1037 573 1115 quota
594 1027 874 1092 mercimoniorum
896 1048 1028 1092 suorum
1050 1027 1169 1092 ducant
1191 1035 1285 1092 exus
1306 1049 1460 1111 regnum,
1496 1049 1558 1113 que
1584 1026 1760 1092 vendenda
1780 1025 1899 1092 babue-

239 1147 303 1212 rint
330 1145 385 1210 vel
415 1146 568 1230 emenda,
601 1146 663 1210 nisi
696 1166 739 1210 ex
772 1143 960 1210 racionabili
997 1166 1096 1210 causa
1130 1155 1163 1211 et
1191 1155 1329 1231 vrgente
1357 1146 1551 1210 necessitate
1578 1167 1641 1210 rex
1669 1146 1710 1210 de
1740 1147 1901 1212 communi
1930 1173 1931 1176 ¹

241 1285 402 1329 consensu
423 1264 591 1330 meliorum
609 1264 704 1348 regni
719 1285 818 1350 super
835 1262 994 1350 aliquibus
1016 1285 1082 1328 non
1104 1263 1281 1329 educendis
1304 1263 1533 1347 inhibicionem
1555 1263 1686 1331 duxerit
1705 1265 1899 1330 faciendam.

190 1395 221 1436 ¹⁷·
242 1383 322 1448 ltem
348 1384 455 1448 omnia
476 1392 509 1448 et
531 1381 658 1468 singula
678 1403 765 1446 noua
786 1383 974 1464 grauamina
997 1403 1055 1446 seu
1076 1381 1240 1448 theolonia
1262 1391 1376 1446 contra
1401 1383 1494 1468 leges
1521 1383 1638 1447 iniuste
1661 1383 1844 1449 introducta
1866 1393 1900 1450 et

241 1502 396 1588 precipue
418 1500 615 1566 theolonium
637 1502 670 1564 in
692 1502 800 1564 Aruus
824 1509 857 1564 et
877 1499 1108 1586 Kalendburg,
1130 1501 1283 1566 videlicet
1305 1502 1406 1565 tercia
1427 1523 1502 1588 pars
1524 1501 1628 1586 nauli,
1650 1511 1846 1568 reuocentur
1868 1514 1901 1569 et

191 1635 223 1677 rs.
241 1621 369 1707 penitus
391 1618 604 1683 anichilentur
626 1639 688 1682 nec
709 1640 769 1704 per
791 1617 967 1682 aduocatos
991 1618 1032 1684 de
1055 1629 1166 1684 cetero
1190 1621 1372 1705 exigantur.
1417 1620 1498 1685 ltem
1525 1641 1587 1686 rex
1609 1631 1643 1686 et
1664 1622 1714 1685 sui
1735 1621 1900 1702 officiales,

190 1752 221 1792 η
241 1740 269 1803 si
298 1759 362 1823 qua
391 1746 503 1801 mutua
532 1759 552 1801 a
578 1735 813 1802 mercatoribus
839 1738 1039 1823 receperint,
1073 1736 1195 1802 eisdem
1224 1737 1432 1803 satisfaciant.
1487 1739 1571 1804 Item
1599 1738 1768 1805 bondones
1792 1740 1900 1806 etalii

239 1857 334 1939 regni
355 1853 461 1919 incole
484 1878 549 1920 non
571 1866 748 1940 grauantur
768 1878 831 1943 per
852 1854 1029 1920 aduocatos
1051 1857 1140 1940 regis
1169 1865 1282 1921 contra
1310 1857 1387 1942 jura
1413 1865 1499 1921 terre
1532 1880 1595 1922 nec
1622 1857 1786 1924 tallientnr
1811 1859 1901 1925 inde-

187 1989 220 2029 θα
241 1972 308 2038 bite
332 1975 400 2038 sine
419 1974 652 2059 misericordia,
675 1976 758 2038 sicut
777 1974 945 2061 bucusque
966 1976 1110 2039 noscitur
1133 1995 1206 2038 esse
1229 1975 1358 2039 lactum.
1402 1975 1484 2040 Item
1502 1975 1673 2041 bondoncs
1694 1999 1760 2042 nou
1782 1999 1900 2063 cogan-

188 2099 220 2140 21·
240 2102 291 2157 tur
321 2115 483 2179 expensas
509 2093 598 2178 regis
627 2092 745 2158 ducere
777 2101 870 2157 extra
897 2090 1015 2157 limites
1037 2093 1087 2157 sui
1107 2073 1249 2157 haeraetli.
1293 2093 1375 2158 Item
1397 2093 1441 2158 ad
1464 2093 1660 2182 quindenam
1682 2105 1758 2160 ante
1779 2095 1900 2161 festum

188 2221 220 2262 ²²·
240 2209 327 2275 beati
354 2209 512 2275 Jobannis
534 2209 675 2298 baptiste
702 2210 936 2298 parlamentum
962 2211 996 2275 in
1017 2209 1177 2297 Nyburgh
1206 2212 1300 2275 annis
1327 2212 1461 2298 singulis
1490 2212 1684 2280 celebretur.
1726 2215 1809 2279 Item
1837 2238 1899 2280 rex

241 2330 368 2391 omnino
392 2339 502 2393 seruet
523 2329 615 2414 leges
633 2329 944 2416 regisWaldcmari,
969 2339 1001 2394 et
1023 2330 1051 2394 si
1073 2331 1144 2416 quis
1166 2331 1200 2394 in
1222 2331 1270 2393 eis
1286 2330 1468 2395 inueniatur
1485 2330 1641 2416 defectus,
1662 2355 1723 2419 per
1741 2333 1899 2398 discretos

188 2457 220 2498 η
239 2459 272 2510 et
294 2445 445 2510 meliores
468 2449 561 2532 regni
583 2449 616 2512 in
637 2448 838 2536 parlamento
860 2447 1058 2535 suppleatur.
1101 2448 1184 2512 Item
1204 2446 1310 2512 nullus
1333 2450 1448 2513 citetur
1470 2449 1513 2514 ad
1530 2449 1683 2536 placitum
1700 2453 1789 2537 regis
1807 2453 1899 2538 justi-

240 2565 373 2629 ciarium
394 2567 591 2650 immediate,
613 2566 673 2632 sed
694 2569 798 2654 primo
820 2566 863 2631 ad
884 2567 1038 2656 placitum
1061 2567 1110 2632 sui
1132 2565 1280 2648 baeraetb,
1309 2576 1342 2631 et
1363 2567 1391 2630 si
1412 2567 1489 2632 inde
1514 2569 1629 2634 citatus
1651 2569 1747 2636 fuerit
1768 2570 1811 2635 ad
1833 2570 1899 2658 pla·

237 2683 335 2747 citum
357 2683 528 2768 generale,
551 2695 584 2748 et
606 2687 633 2750 si
654 2685 701 2751 ibi
722 2697 808 2752 stare
826 2689 894 2774 juri
916 2682 1063 2769 noluerit,
1087 2707 1196 2750 coram
1217 2706 1298 2769 rege
1321 2685 1450 2750 citando
1473 2686 1528 2751 vel
1549 2687 1755 2774 appellando,
1778 2691 1899 2755 exami-

236 2812 332 2867 netur
354 2823 453 2866 causa
475 2824 533 2867 sua
554 2801 690 2890 ibidem,
718 2827 827 2870 coram
848 2828 930 2891 rege
953 2803 1008 2869 vel
1029 2805 1096 2868 suis
1112 2804 1316 2890 justiciariis,
1343 2802 1400 2868 vbi
1423 2807 1450 2868 si
1472 2827 1537 2870 non
1559 2805 1708 2872 babuerit
1724 2808 1898 2894 justiciam,

186 2937 218 2978 2⁴.
237 2931 435 3008 prouocetur
456 2919 499 2983 ad
520 2919 755 3007 parlamentum
777 2923 943 3010 generale.
985 2923 1068 2988 Item
1096 2919 1203 2985 nullus
1233 2922 1306 3009 capi
1334 2920 1455 2987 debeat
1481 2946 1545 2989 nec
1566 2924 1608 2990 ad
1629 2936 1767 2991 mortem
1790 2927 1899 3014 damp-

236 3041 308 3102 nari
328 3037 384 3103 vel
407 3039 500 3102 bonis
522 3040 659 3126 priuari,
691 3042 753 3106 nisi
779 3043 869 3129 prius
891 3045 982 3130 juste
1011 3051 1043 3106 et
1070 3060 1186 3105 secure
1208 3048 1359 3124 vocatus,
1392 3039 1523 3128 publice
1544 3042 1731 3108 incensatus
1753 3053 1786 3109 et
1806 3043 1900 3129 legit·

236 3157 312 3220 time
334 3157 502 3220 conuictus
523 3155 629 3242 faerit,
650 3169 747 3245 prout
769 3164 906 3246 exigunt
926 3159 1018 3244 leges
1040 3169 1137 3224 terre.
1161 3158 1189 3222 si
1210 3179 1290 3223 uero
1312 3181 1373 3224 rex
1394 3166 1529 3246 propter
1551 3181 1642 3224 suam
1662 3161 1846 3247 potenciam
1866 3170 1899 3227 et

237 3274 465 3339 extollenciam
491 3275 674 3342 huiusmodi
700 3278 890 3344 mandatum
919 3277 1162 3363 transgrediens
1196 3275 1335 3364 aliquem
1369 3299 1435 3342 non
1471 3279 1653 3344 conuictum
1680 3279 1797 3344 fecerit
1825 3301 1899 3366 eap-

235 3393 344 3476 tiuari,
373 3391 419 3456 illi
446 3395 501 3479 qui
523 3393 579 3460 tali
602 3396 670 3460 eius
692 3395 844 3461 mandato
869 3395 1051 3462 obedierint
1073 3404 1106 3460 et
1127 3393 1269 3481 aliquem
1290 3419 1356 3462 non
1379 3397 1561 3462 conuictum
1584 3397 1833 3484 captiuauerint,
1857 3419 1897 3464 eo

237 3510 325 3576 facto
347 3532 429 3598 pace
452 3535 512 3577 sua
533 3515 596 3578 sint
617 3516 744 3601 priuati,
766 3515 829 3581 nisi
851 3516 922 3602 quis
942 3513 1114 3580 manifesto
1137 3513 1291 3597 facinore,
1313 3514 1558 3602 propterquod
1580 3518 1647 3580 vita
1667 3515 1721 3580 vel
1743 3517 1897 3582 membris

184 3648 215 3690 aa
234 3631 318 3695 iuste
347 3651 460 3694 carere
483 3631 620 3715 debeat,
652 3633 749 3698 fuerit
771 3633 1003 3721 deprehensus.
1046 3632 1129 3697 Item
1157 3633 1351 3721 quicumque
1380 3633 1559 3699 aduocatos
1587 3633 1641 3698 vel
1669 3632 1751 3699 alius
1772 3634 1899 3700 naufra-

235 3751 324 3836 gium
346 3752 485 3836 passos¹
516 3749 706 3838 spoliauerit
726 3751 780 3818 vel
803 3772 859 3815 eos
881 3751 1095 3838 impediuerit,
1117 3771 1159 3814 nc
1182 3749 1329 3816 homines
1352 3751 1546 3816 conductiue
1569 3750 1736 3818 obtineant
1757 3775 1818 3840 pro
1841 3754 1896 3819 bo·

234 3855 285 3932 nis
313 3869 379 3933 suis
408 3868 449 3932 ds
478 3869 648 3954 naufragio
678 3868 927 3957 recuperandis,
959 3880 992 3933 et
1020 3867 1061 3933 de
1083 3868 1145 3935 boc
1172 3869 1331 3955 legittime
1354 3871 1521 3934 conuictus
1543 3867 1655 3953 fuerit,
1685 3873 1897 3959 conquerenti

236 3986 451 4074 quadraginta
472 3987 620 4052 marchas
643 3997 676 4052 et
697 3989 769 4074 regi
790 3997 914 4053 tantum
936 3985 1132 4054 emendabit.
1168 3989 1195 4052 si
1217 3987 1395 4053 aduncatus
1417 3987 1530 4072 fuerit,
1564 3987 1741 4054 aduooacia
1763 4011 1822 4055 sua
1844 4013 1895 4056 ca-

238 4105 325 4169 rebit
347 4113 380 4170 et
401 4105 611 4170 aduocaciam
632 4107 757 4192 regiam
780 4127 944 4193 nunquam
973 4104 1014 4169 de
1044 4115 1155 4171 cetero
1184 4105 1353 4171 obtinebit.
1388 4114 1421 4169 et
1450 4104 1633 4171 huiusmodi
1653 4097 1753 4172 causa
1774 4107 1807 4171 in
1828 4107 1896 4195 pla·

238 4225 301 4288 cito
336 4225 419 4290 sicut
446 4225 634 4290 haerwaerok
666 4201 893 4312 prosequetur.
927 4225 1019 4290 dictis
1051 4225 1153 4288 eciam
1188 4225 1380 4308 naufragis⁹
1411 4223 1509 4288 liceat
1536 4231 1675 4288 tutorem
1704 4222 1896 4311 legittimum

186 4361 219 4402 aa.
236 4340 385 4427 recipere
408 4364 466 4427 pro
490 4344 583 4408 dictis
607 4345 713 4408 causis
736 4343 966 4431 exsequendis.
1009 4343 1092 4408 Item
1113 4343 1301 4410 viuents.et
1322 4351 1473 4407 manente
1494 4363 1560 4406 vno
1582 4364 1678 4428 rege,
1700 4364 1762 4408 rex
1783 4366 1898 4409 secun·

236 4460 297 4524 dus
319 4482 482 4547 nunquam
505 4463 537 4525 in
556 4462 663 4528 Dacia
684 4462 832 4548 eligatur,
854 4483 917 4526 nec
939 4461 980 4526 de
1002 4461 1110 4526 futuro
1130 4484 1210 4548 rege
1233 4463 1345 4527 raucio
1367 4459 1420 4526 vel
1442 4460 1613 4547 promissio
1635 4461 1716 4526 fiat⁸
1736 4461 1895 4549 aliqualis.

184 4601 217 4642 aa
238 4579 318 4643 Item
346 4577 482 4666 quilibet
506 4579 600 4644 miles
626 4579 682 4646 vel
710 4581 852 4666 armiger
880 4603 939 4646 seu
966 4580 1048 4646 alius
1079 4581 1249 4668 quisquam
1276 4579 1412 4644 liberam
1434 4577 1555 4643 babeat
1575 4577 1745 4644 licenciam
1768 4578 1897 4645 edificia

183 4697 345 4783 salignea
371 4707 428 4762 aut
455 4696 584 4784 lapidea
608 4700 641 4763 in
663 4721 723 4764 sua
743 4701 876 4787 propria
898 4701 987 4764 curia
1010 4707 1042 4764 et
1065 4700 1153 4764 ciues
1176 4701 1208 4764 in
1231 4719 1290 4763 sua
1312 4698 1441 4764 ciuitate
1464 4697 1684 4763 construendi.
1727 4697 1811 4763 Item
1831 4719 1894 4785 pro

232 4816 335 4881 literis
363 4816 452 4902 regis
482 4817 622 4882 conuicti
649 4817 868 4883 emendabunt
895 4819 968 4904 regi
996 4827 1160 4905 tamquam
1188 4816 1334 4883 bondeni
1361 4825 1403 4893 ,at
1428 4837 1495 4880 non
1523 4813 1622 4900 vltra,
1654 4814 1808 4882 videlicet
1834 4837 1894 4904 pro

234 4938 339 5024 prima
359 4935 453 5000 litera
473 4955 570 4999 vnam
592 4936 756 5002 marcham
778 4936 993 5021 denariorum,
1016 4957 1076 5023 pro
1099 4931 1244 5001 secunda
1264 4943 1405 5019 tantum,
1427 4956 1487 5022 pro
1509 4934 1612 4998 tercia
1633 4941 1755 4999 tantum
1779 4943 1811 5000 et
1833 4955 1892 5021 pro

184 5084 216 5128 aa.
236 5065 352 5144 quarta
372 5064 439 5120 tres
462 5052 611 5118 marchas
635 5053 849 5120 denariorum.
893 5055 974 5121 Item
998 5056 1025 5120 si
1046 5077 1109 5120 rex
1130 5075 1323 5142 quemquam
1352 5052 1447 5118 bonis
1470 5051 1536 5118 suis
1557 5052 1675 5116 iniuste
1696 5051 1894 5139 spoliauerit,

303 5313 366 5366 ¹13:
384 5329 486 5382 passus.
555 5309 623 5365 ²3:
641 5313 746 5364 Dictum
765 5313 846 5364 eciam
865 5311 1036 5378 naufragium.
1105 5311 1170 5364 ⁸132
1188 5311 1241 5362 liet.
