<?xml version="1.0" encoding="UTF-8"?>
<!DOCTYPE html PUBLIC "-//W3C//DTD XHTML 1.0 Transitional//EN"
    "http://www.w3.org/TR/xhtml1/DTD/xhtml1-transitional.dtd">
<html xmlns="http://www.w3.org/1999/xhtml" xml:lang="en" lang="en">
 <head>
  <title>
</title>
<meta http-equiv="Content-Type" content="text/html;charset=utf-8" />
  <meta name='ocr-system' content='tesseract 3.04.00' />
  <meta name='ocr-capabilities' content='ocr_page ocr_carea ocr_par ocr_line ocrx_word'/>
</head>
<body>
  <div class='ocr_page' id='page_1' title='image "./aarsberetninger05wegegoog_0450.png"; bbox 0 0 5156 6424; ppageno 0'>
   <div class='ocr_carea' id='block_1_1' title="bbox 427 961 1898 1318">
    <p class='ocr_par' dir='ltr' id='par_1_1' title="bbox 427 961 1898 1318">
     <span class='ocr_line' id='line_1_1' title="bbox 1105 961 1161 1020; baseline -0.125 1"><span class='ocrx_word' id='word_1_1' title='bbox 1105 961 1161 1020; x_wconf 76' lang='grc'>48.</span> 
     </span>
     <span class='ocr_line' id='line_1_2' title="bbox 427 1093 1842 1187; baseline 0.001 -25"><span class='ocrx_word' id='word_1_2' title='bbox 427 1096 541 1164; x_wconf 79' lang='lat' dir='ltr'>Literoe</span> <span class='ocrx_word' id='word_1_3' title='bbox 562 1098 702 1184; x_wconf 80' lang='lat' dir='ltr'>epc&#39;soopi</span> <span class='ocrx_word' id='word_1_4' title='bbox 721 1097 929 1180; x_wconf 61' lang='lat' dir='ltr'>stoicum,</span> <span class='ocrx_word' id='word_1_5' title='bbox 951 1097 1062 1184; x_wconf 75' lang='lat' dir='ltr'>qurbtta</span> <span class='ocrx_word' id='word_1_6' title='bbox 1083 1108 1200 1162; x_wconf 72' lang='lat' dir='ltr'>statuto</span> <span class='ocrx_word' id='word_1_7' title='bbox 1225 1095 1366 1180; x_wconf 76' lang='lat' dir='ltr'><em>Capituli</em></span> <span class='ocrx_word' id='word_1_8' title='bbox 1384 1093 1654 1162; x_wconf 67' lang='lat' dir='ltr'>Hadarauvtenou</span> <span class='ocrx_word' id='word_1_9' title='bbox 1675 1097 1842 1187; x_wconf 75' lang='lat' dir='ltr'>confimat.</span> 
     </span>
     <span class='ocr_line' id='line_1_3' title="bbox 1672 1251 1898 1318; baseline 0.009 -16"><span class='ocrx_word' id='word_1_10' title='bbox 1672 1253 1751 1318; x_wconf 79' lang='lat'>151⁷,</span> <span class='ocrx_word' id='word_1_11' title='bbox 1770 1254 1802 1304; x_wconf 78' lang='lat'>12</span> <span class='ocrx_word' id='word_1_12' title='bbox 1819 1251 1898 1304; x_wconf 69' lang='lat' dir='ltr'>reor.</span> 
     </span>
    </p>
   </div>
   <div class='ocr_carea' id='block_1_2' title="bbox 219 1380 2013 4792">
    <p class='ocr_par' dir='ltr' id='par_1_2' title="bbox 219 1380 2013 4792">
     <span class='ocr_line' id='line_1_4' title="bbox 451 1380 1965 1472; baseline 0.001 -23"><span class='ocrx_word' id='word_1_13' title='bbox 451 1383 657 1465; x_wconf 76' lang='lat' dir='ltr'>Godsealous</span> <span class='ocrx_word' id='word_1_14' title='bbox 686 1383 728 1450; x_wconf 90' lang='lat' dir='ltr'>do</span> <span class='ocrx_word' id='word_1_15' title='bbox 755 1383 915 1451; x_wconf 84' lang='lat' dir='ltr'>Aleuelde</span> <span class='ocrx_word' id='word_1_16' title='bbox 937 1385 1004 1448; x_wconf 89' lang='lat' dir='ltr'>Dei</span> <span class='ocrx_word' id='word_1_17' title='bbox 1030 1391 1065 1448; x_wconf 90' lang='lat' dir='ltr'>et</span> <span class='ocrx_word' id='word_1_18' title='bbox 1091 1381 1269 1470; x_wconf 88' lang='lat' dir='ltr'>apostolice</span> <span class='ocrx_word' id='word_1_19' title='bbox 1292 1380 1388 1448; x_wconf 87' lang='lat' dir='ltr'>Sedis</span> <span class='ocrx_word' id='word_1_20' title='bbox 1411 1383 1516 1466; x_wconf 89' lang='lat' dir='ltr'>gratia</span> <span class='ocrx_word' id='word_1_21' title='bbox 1537 1385 1721 1472; x_wconf 82' lang='lat' dir='ltr'><strong>Episcopus</strong></span> <span class='ocrx_word' id='word_1_22' title='bbox 1750 1383 1965 1451; x_wconf 86' lang='lat' dir='ltr'>Slesuicensis</span> 
     </span>
     <span class='ocr_line' id='line_1_5' title="bbox 302 1499 1966 1592; baseline -0.001 -23"><span class='ocrx_word' id='word_1_23' title='bbox 302 1502 439 1570; x_wconf 83' lang='lat' dir='ltr'>Dilectie</span> <span class='ocrx_word' id='word_1_24' title='bbox 460 1503 555 1569; x_wconf 89' lang='lat' dir='ltr'>nobis</span> <span class='ocrx_word' id='word_1_25' title='bbox 576 1503 620 1569; x_wconf 88' lang='lat' dir='ltr'>Jn</span> <span class='ocrx_word' id='word_1_26' title='bbox 642 1501 773 1577; x_wconf 63' lang='lat' dir='ltr'>&amp;bristo</span> <span class='ocrx_word' id='word_1_27' title='bbox 795 1503 871 1592; x_wconf 83' lang='lat' dir='ltr'>filija</span> <span class='ocrx_word' id='word_1_28' title='bbox 891 1501 1134 1568; x_wconf 88' lang='lat' dir='ltr'>venerabilibus</span> <span class='ocrx_word' id='word_1_29' title='bbox 1157 1500 1293 1565; x_wconf 88' lang='lat' dir='ltr'>dominis</span> <span class='ocrx_word' id='word_1_30' title='bbox 1315 1499 1451 1566; x_wconf 88' lang='lat' dir='ltr'>Nicolao</span> <span class='ocrx_word' id='word_1_31' title='bbox 1473 1503 1558 1588; x_wconf 87' lang='lat' dir='ltr'>petri</span> <span class='ocrx_word' id='word_1_32' title='bbox 1582 1502 1725 1587; x_wconf 73' lang='lat' dir='ltr'>cantori,</span> <span class='ocrx_word' id='word_1_33' title='bbox 1747 1504 1887 1591; x_wconf 85' lang='lat' dir='ltr'>Johannj</span> <span class='ocrx_word' id='word_1_34' title='bbox 1911 1502 1966 1568; x_wconf 92' lang='lat' dir='ltr'>Al-</span> 
     </span>
     <span class='ocr_line' id='line_1_6' title="bbox 303 1617 1966 1708; baseline -0.001 -20"><span class='ocrx_word' id='word_1_35' title='bbox 303 1622 425 1688; x_wconf 86' lang='lat' dir='ltr'>berdes</span> <span class='ocrx_word' id='word_1_36' title='bbox 446 1621 574 1690; x_wconf 89' lang='lat' dir='ltr'>Artium</span> <span class='ocrx_word' id='word_1_37' title='bbox 595 1623 750 1708; x_wconf 88' lang='lat' dir='ltr'>magistro</span> <span class='ocrx_word' id='word_1_38' title='bbox 772 1622 904 1687; x_wconf 89' lang='lat' dir='ltr'>Lectori</span> <span class='ocrx_word' id='word_1_39' title='bbox 926 1619 1106 1703; x_wconf 88' lang='lat' dir='ltr'>ordinario,</span> <span class='ocrx_word' id='word_1_40' title='bbox 1139 1617 1290 1684; x_wconf 85' lang='lat' dir='ltr'>Michaeli</span> <span class='ocrx_word' id='word_1_41' title='bbox 1311 1619 1396 1706; x_wconf 88' lang='lat' dir='ltr'>petri</span> <span class='ocrx_word' id='word_1_42' title='bbox 1411 1619 1450 1706; x_wconf 90' lang='lat' dir='ltr'>jn</span> <span class='ocrx_word' id='word_1_43' title='bbox 1474 1619 1614 1686; x_wconf 79' lang='lat' dir='ltr'><strong>decretis</strong></span> <span class='ocrx_word' id='word_1_44' title='bbox 1636 1621 1805 1688; x_wconf 87' lang='lat' dir='ltr'>licenciato</span> <span class='ocrx_word' id='word_1_45' title='bbox 1829 1621 1966 1706; x_wconf 86' lang='lat' dir='ltr'>Seniori,</span> 
     </span>
     <span class='ocr_line' id='line_1_7' title="bbox 302 1737 1968 1829; baseline -0.002 -22"><span class='ocrx_word' id='word_1_46' title='bbox 302 1743 425 1829; x_wconf 86' lang='lat' dir='ltr'>totique</span> <span class='ocrx_word' id='word_1_47' title='bbox 447 1739 587 1828; x_wconf 87' lang='lat' dir='ltr'>capitulo</span> <span class='ocrx_word' id='word_1_48' title='bbox 618 1740 756 1805; x_wconf 90' lang='lat' dir='ltr'>ecclesie</span> <span class='ocrx_word' id='word_1_49' title='bbox 785 1739 956 1824; x_wconf 74' lang='lat' dir='ltr'>collegiata</span> <span class='ocrx_word' id='word_1_50' title='bbox 978 1738 1082 1804; x_wconf 88' lang='lat' dir='ltr'>Beate</span> <span class='ocrx_word' id='word_1_51' title='bbox 1111 1739 1214 1802; x_wconf 85' lang='lat' dir='ltr'>marie</span> <span class='ocrx_word' id='word_1_52' title='bbox 1240 1738 1375 1823; x_wconf 88' lang='lat' dir='ltr'>virginis</span> <span class='ocrx_word' id='word_1_53' title='bbox 1403 1737 1677 1805; x_wconf 88' lang='lat' dir='ltr'>Hadersleuensie</span> <span class='ocrx_word' id='word_1_54' title='bbox 1705 1751 1816 1805; x_wconf 89' lang='lat' dir='ltr'>nostre</span> <span class='ocrx_word' id='word_1_55' title='bbox 1848 1740 1968 1806; x_wconf 85' lang='lat' dir='ltr'>Slesui·</span> 
     </span>
     <span class='ocr_line' id='line_1_8' title="bbox 302 1857 1967 1947; baseline -0.002 -21"><span class='ocrx_word' id='word_1_56' title='bbox 302 1860 408 1926; x_wconf 87' lang='lat' dir='ltr'>censis</span> <span class='ocrx_word' id='word_1_57' title='bbox 430 1859 571 1924; x_wconf 86' lang='lat' dir='ltr'>dioce‘ais</span> <span class='ocrx_word' id='word_1_58' title='bbox 594 1859 739 1926; x_wconf 75' lang='lat' dir='ltr'><strong>Salutem</strong></span> <span class='ocrx_word' id='word_1_59' title='bbox 763 1860 803 1947; x_wconf 88' lang='lat' dir='ltr'>jn</span> <span class='ocrx_word' id='word_1_60' title='bbox 825 1859 965 1923; x_wconf 89' lang='lat' dir='ltr'>Domino</span> <span class='ocrx_word' id='word_1_61' title='bbox 994 1858 1233 1944; x_wconf 88' lang='lat' dir='ltr'>sempiternam.</span> <span class='ocrx_word' id='word_1_62' title='bbox 1283 1857 1356 1942; x_wconf 86' lang='lat' dir='ltr'>Hijs</span> <span class='ocrx_word' id='word_1_63' title='bbox 1385 1876 1449 1944; x_wconf 89' lang='lat' dir='ltr'>que</span> <span class='ocrx_word' id='word_1_64' title='bbox 1479 1878 1538 1944; x_wconf 88' lang='lat' dir='ltr'>pro</span> <span class='ocrx_word' id='word_1_65' title='bbox 1568 1857 1788 1923; x_wconf 87' lang='lat' dir='ltr'>ecclesiastica</span> <span class='ocrx_word' id='word_1_66' title='bbox 1815 1857 1967 1925; x_wconf 86' lang='lat' dir='ltr'>libertate</span> 
     </span>
     <span class='ocr_line' id='line_1_9' title="bbox 303 1975 1969 2064; baseline 0 -21"><span class='ocrx_word' id='word_1_67' title='bbox 303 1978 438 2044; x_wconf 89' lang='lat' dir='ltr'>vtilitate</span> <span class='ocrx_word' id='word_1_68' title='bbox 463 1987 495 2042; x_wconf 90' lang='lat' dir='ltr'>et</span> <span class='ocrx_word' id='word_1_69' title='bbox 517 1977 687 2043; x_wconf 87' lang='lat' dir='ltr'>honestate</span> <span class='ocrx_word' id='word_1_70' title='bbox 710 1999 749 2042; x_wconf 90' lang='lat' dir='ltr'>ae</span> <span class='ocrx_word' id='word_1_71' title='bbox 770 1975 943 2064; x_wconf 88' lang='lat' dir='ltr'>tranquillo</span> <span class='ocrx_word' id='word_1_72' title='bbox 966 1985 1050 2042; x_wconf 90' lang='lat' dir='ltr'>statu</span> <span class='ocrx_word' id='word_1_73' title='bbox 1074 1975 1153 2040; x_wconf 92' lang='lat' dir='ltr'>cleri</span> <span class='ocrx_word' id='word_1_74' title='bbox 1174 1976 1268 2040; x_wconf 91' lang='lat' dir='ltr'>nobis</span> <span class='ocrx_word' id='word_1_75' title='bbox 1291 1975 1428 2062; x_wconf 88' lang='lat' dir='ltr'>subiectj</span> <span class='ocrx_word' id='word_1_76' title='bbox 1455 1975 1592 2062; x_wconf 82' lang='lat' dir='ltr'>prouida</span> <span class='ocrx_word' id='word_1_77' title='bbox 1616 1985 1807 2061; x_wconf 88' lang='lat' dir='ltr'>statuuntur,</span> <span class='ocrx_word' id='word_1_78' title='bbox 1829 1977 1969 2043; x_wconf 83' lang='lat' dir='ltr'>libenter</span> 
     </span>
     <span class='ocr_line' id='line_1_10' title="bbox 304 2092 1964 2184; baseline -0.001 -22"><span class='ocrx_word' id='word_1_79' title='bbox 304 2096 474 2184; x_wconf 84' lang='lat' dir='ltr'>adijcimus</span> <span class='ocrx_word' id='word_1_80' title='bbox 496 2097 599 2161; x_wconf 87' lang='lat' dir='ltr'>nostri</span> <span class='ocrx_word' id='word_1_81' title='bbox 621 2096 979 2184; x_wconf 74' lang='lat' dir='ltr'>ordinarij.=n1uuiminis</span> <span class='ocrx_word' id='word_1_82' title='bbox 1002 2095 1200 2178; x_wconf 88' lang='lat' dir='ltr'>firmitatem,</span> <span class='ocrx_word' id='word_1_83' title='bbox 1222 2103 1258 2158; x_wconf 81' lang='lat' dir='ltr'>vt</span> <span class='ocrx_word' id='word_1_84' title='bbox 1279 2103 1369 2159; x_wconf 82' lang='lat' dir='ltr'>tanto</span> <span class='ocrx_word' id='word_1_85' title='bbox 1391 2095 1514 2158; x_wconf 83' lang='lat' dir='ltr'>firmius</span> <span class='ocrx_word' id='word_1_86' title='bbox 1535 2092 1689 2181; x_wconf 82' lang='lat' dir='ltr'>pers‘istet</span> <span class='ocrx_word' id='word_1_87' title='bbox 1711 2095 1798 2183; x_wconf 92' lang='lat' dir='ltr'>quod</span> <span class='ocrx_word' id='word_1_88' title='bbox 1820 2097 1964 2162; x_wconf 87' lang='lat' dir='ltr'>Auctori·</span> 
     </span>
     <span class='ocr_line' id='line_1_11' title="bbox 302 2212 1969 2300; baseline -0.002 -18"><span class='ocrx_word' id='word_1_89' title='bbox 302 2223 369 2282; x_wconf 82' lang='lat' dir='ltr'>tete</span> <span class='ocrx_word' id='word_1_90' title='bbox 393 2215 569 2283; x_wconf 87' lang='lat' dir='ltr'>Ordineria</span> <span class='ocrx_word' id='word_1_91' title='bbox 589 2214 687 2282; x_wconf 83' lang='lat' dir='ltr'>firerit</span> <span class='ocrx_word' id='word_1_92' title='bbox 708 2215 948 2280; x_wconf 89' lang='lat' dir='ltr'>communitum.</span> <span class='ocrx_word' id='word_1_93' title='bbox 993 2213 1077 2280; x_wconf 82' lang='lat' dir='ltr'>Cum</span> <span class='ocrx_word' id='word_1_94' title='bbox 1098 2214 1208 2298; x_wconf 84' lang='lat' dir='ltr'>jtaque</span> <span class='ocrx_word' id='word_1_95' title='bbox 1230 2212 1325 2276; x_wconf 88' lang='lat' dir='ltr'>nobis</span> <span class='ocrx_word' id='word_1_96' title='bbox 1348 2212 1522 2298; x_wconf 88' lang='lat' dir='ltr'>supplicari</span> <span class='ocrx_word' id='word_1_97' title='bbox 1542 2213 1674 2298; x_wconf 84' lang='lat' dir='ltr'>lecistis,</span> <span class='ocrx_word' id='word_1_98' title='bbox 1697 2225 1857 2300; x_wconf 88' lang='lat' dir='ltr'>quatenus</span> <span class='ocrx_word' id='word_1_99' title='bbox 1879 2222 1969 2279; x_wconf 88' lang='lat' dir='ltr'>certa</span> 
     </span>
     <span class='ocr_line' id='line_1_12' title="bbox 304 2330 1967 2420; baseline -0.001 -22"><span class='ocrx_word' id='word_1_100' title='bbox 304 2343 416 2399; x_wconf 84' lang='lat' dir='ltr'>vestra</span> <span class='ocrx_word' id='word_1_101' title='bbox 435 2334 579 2399; x_wconf 84' lang='lat' dir='ltr'>fraterna</span> <span class='ocrx_word' id='word_1_102' title='bbox 601 2333 729 2400; x_wconf 85' lang='lat' dir='ltr'>Statuta</span> <span class='ocrx_word' id='word_1_103' title='bbox 753 2333 979 2420; x_wconf 84' lang='lat' dir='ltr'>jnfrascripta,</span> <span class='ocrx_word' id='word_1_104' title='bbox 1011 2354 1072 2419; x_wconf 90' lang='lat' dir='ltr'>per</span> <span class='ocrx_word' id='word_1_105' title='bbox 1099 2353 1160 2397; x_wconf 84' lang='lat' dir='ltr'>vos</span> <span class='ocrx_word' id='word_1_106' title='bbox 1189 2332 1349 2418; x_wconf 90' lang='lat' dir='ltr'>communj</span> <span class='ocrx_word' id='word_1_107' title='bbox 1382 2330 1615 2396; x_wconf 82' lang='lat' dir='ltr'>deliberatione</span> <span class='ocrx_word' id='word_1_108' title='bbox 1638 2331 1740 2416; x_wconf 86' lang='lat' dir='ltr'>edita,</span> <span class='ocrx_word' id='word_1_109' title='bbox 1779 2333 1967 2397; x_wconf 85' lang='lat' dir='ltr'>examinare</span> 
     </span>
     <span class='ocr_line' id='line_1_13' title="bbox 307 2449 1967 2540; baseline 0 -23"><span class='ocrx_word' id='word_1_110' title='bbox 307 2452 499 2517; x_wconf 83' lang='lat' dir='ltr'>confirmare</span> <span class='ocrx_word' id='word_1_111' title='bbox 527 2454 678 2540; x_wconf 88' lang='lat' dir='ltr'>jpsisque</span> <span class='ocrx_word' id='word_1_112' title='bbox 711 2451 811 2518; x_wconf 82' lang='lat' dir='ltr'>robur</span> <span class='ocrx_word' id='word_1_113' title='bbox 843 2459 954 2516; x_wconf 88' lang='lat' dir='ltr'>nostro</span> <span class='ocrx_word' id='word_1_114' title='bbox 981 2451 1180 2516; x_wconf 79' lang='lat' dir='ltr'>auctoritatis</span> <span class='ocrx_word' id='word_1_115' title='bbox 1209 2450 1370 2537; x_wconf 86' lang='lat' dir='ltr'>jmpartiri</span> <span class='ocrx_word' id='word_1_116' title='bbox 1400 2449 1623 2536; x_wconf 86' lang='lat' dir='ltr'>dignaremur,</span> <span class='ocrx_word' id='word_1_117' title='bbox 1662 2450 1807 2532; x_wconf 76' lang='lat' dir='ltr'>Quorum</span> <span class='ocrx_word' id='word_1_118' title='bbox 1836 2452 1967 2539; x_wconf 91' lang='lat' dir='ltr'>quidem</span> 
     </span>
     <span class='ocr_line' id='line_1_14' title="bbox 308 2568 1970 2658; baseline -0.001 -22"><span class='ocrx_word' id='word_1_119' title='bbox 308 2569 524 2655; x_wconf 85' lang='lat' dir='ltr'>Statutorum,</span> <span class='ocrx_word' id='word_1_120' title='bbox 557 2571 598 2637; x_wconf 88' lang='lat' dir='ltr'>de</span> <span class='ocrx_word' id='word_1_121' title='bbox 626 2570 744 2658; x_wconf 83' lang='lat' dir='ltr'>quibua</span> <span class='ocrx_word' id='word_1_122' title='bbox 766 2592 865 2658; x_wconf 88' lang='lat' dir='ltr'>supra</span> <span class='ocrx_word' id='word_1_123' title='bbox 892 2569 929 2636; x_wconf 90' lang='lat' dir='ltr'>fit</span> <span class='ocrx_word' id='word_1_124' title='bbox 950 2569 1086 2654; x_wconf 90' lang='lat' dir='ltr'>mentio,</span> <span class='ocrx_word' id='word_1_125' title='bbox 1120 2581 1214 2634; x_wconf 89' lang='lat' dir='ltr'>tenor</span> <span class='ocrx_word' id='word_1_126' title='bbox 1242 2569 1388 2655; x_wconf 89' lang='lat' dir='ltr'>sequitur</span> <span class='ocrx_word' id='word_1_127' title='bbox 1410 2577 1443 2633; x_wconf 89' lang='lat' dir='ltr'>et</span> <span class='ocrx_word' id='word_1_128' title='bbox 1472 2578 1522 2633; x_wconf 86' lang='lat' dir='ltr'>est</span> <span class='ocrx_word' id='word_1_129' title='bbox 1544 2568 1627 2634; x_wconf 83' lang='lat' dir='ltr'>talis.</span> <span class='ocrx_word' id='word_1_130' title='bbox 1670 2569 1912 2635; x_wconf 88' lang='lat' dir='ltr'>Reuerendo</span> <span class='ocrx_word' id='word_1_131' title='bbox 1930 2572 1970 2658; x_wconf 92' lang='lat' dir='ltr'>jn</span> 
     </span>
     <span class='ocr_line' id='line_1_15' title="bbox 307 2685 1969 2776; baseline 0 -22"><span class='ocrx_word' id='word_1_132' title='bbox 307 2687 436 2754; x_wconf 81' lang='lat' dir='ltr'>Christo</span> <span class='ocrx_word' id='word_1_133' title='bbox 463 2691 548 2776; x_wconf 88' lang='lat' dir='ltr'>patri</span> <span class='ocrx_word' id='word_1_134' title='bbox 578 2699 612 2756; x_wconf 85' lang='lat' dir='ltr'>et</span> <span class='ocrx_word' id='word_1_135' title='bbox 640 2689 770 2754; x_wconf 90' lang='lat' dir='ltr'>domino</span> <span class='ocrx_word' id='word_1_136' title='bbox 799 2687 929 2754; x_wconf 88' lang='lat' dir='ltr'>domino</span> <span class='ocrx_word' id='word_1_137' title='bbox 958 2685 1142 2752; x_wconf 84' lang='lat' dir='ltr'>Godscaleo</span> <span class='ocrx_word' id='word_1_138' title='bbox 1171 2686 1212 2751; x_wconf 91' lang='grc'>(10</span> <span class='ocrx_word' id='word_1_139' title='bbox 1241 2685 1400 2752; x_wconf 86' lang='lat' dir='ltr'>Aleuelde</span> <span class='ocrx_word' id='word_1_140' title='bbox 1423 2687 1589 2774; x_wconf 79' lang='lat' dir='ltr'>Episcopo</span> <span class='ocrx_word' id='word_1_141' title='bbox 1613 2687 1810 2753; x_wconf 87' lang='lat' dir='ltr'>Slesuioensi</span> <span class='ocrx_word' id='word_1_142' title='bbox 1838 2688 1969 2754; x_wconf 90' lang='lat' dir='ltr'>domino</span> 
     </span>
     <span class='ocr_line' id='line_1_16' title="bbox 306 2804 1970 2894; baseline 0.002 -23"><span class='ocrx_word' id='word_1_143' title='bbox 306 2817 417 2872; x_wconf 88' lang='lat' dir='ltr'>nostro</span> <span class='ocrx_word' id='word_1_144' title='bbox 440 2828 602 2893; x_wconf 87' lang='lat' dir='ltr'>generoso</span> <span class='ocrx_word' id='word_1_145' title='bbox 625 2807 694 2873; x_wconf 87' lang='lat' dir='ltr'>Nos</span> <span class='ocrx_word' id='word_1_146' title='bbox 717 2807 869 2872; x_wconf 88' lang='lat' dir='ltr'>Nicolaus</span> <span class='ocrx_word' id='word_1_147' title='bbox 890 2808 976 2894; x_wconf 88' lang='lat' dir='ltr'>petri</span> <span class='ocrx_word' id='word_1_148' title='bbox 998 2815 1127 2889; x_wconf 85' lang='lat' dir='ltr'>cantor,</span> <span class='ocrx_word' id='word_1_149' title='bbox 1159 2805 1326 2870; x_wconf 88' lang='lat' dir='ltr'>Johannes</span> <span class='ocrx_word' id='word_1_150' title='bbox 1348 2804 1501 2871; x_wconf 86' lang='lat' dir='ltr'>alberdes</span> <span class='ocrx_word' id='word_1_151' title='bbox 1529 2807 1644 2871; x_wconf 88' lang='lat' dir='ltr'>artium</span> <span class='ocrx_word' id='word_1_152' title='bbox 1674 2808 1829 2893; x_wconf 89' lang='lat' dir='ltr'>magister</span> <span class='ocrx_word' id='word_1_153' title='bbox 1850 2809 1970 2874; x_wconf 86' lang='lat' dir='ltr'>Lector</span> 
     </span>
     <span class='ocr_line' id='line_1_17' title="bbox 307 2923 1971 3014; baseline 0.002 -25"><span class='ocrx_word' id='word_1_154' title='bbox 307 2923 505 3009; x_wconf 84' lang='lat' dir='ltr'>ordinarius,</span> <span class='ocrx_word' id='word_1_155' title='bbox 532 2925 684 2992; x_wconf 84' lang='lat' dir='ltr'>Michaell</span> <span class='ocrx_word' id='word_1_156' title='bbox 706 2927 790 3014; x_wconf 88' lang='lat' dir='ltr'>petri</span> <span class='ocrx_word' id='word_1_157' title='bbox 807 2927 846 3013; x_wconf 90' lang='lat' dir='ltr'>jn</span> <span class='ocrx_word' id='word_1_158' title='bbox 869 2927 1010 2990; x_wconf 86' lang='lat' dir='ltr'>decretis</span> <span class='ocrx_word' id='word_1_159' title='bbox 1031 2924 1212 2989; x_wconf 86' lang='lat' dir='ltr'>licentiatus</span> <span class='ocrx_word' id='word_1_160' title='bbox 1235 2923 1367 3008; x_wconf 84' lang='lat' dir='ltr'>Senior,</span> <span class='ocrx_word' id='word_1_161' title='bbox 1394 2924 1547 2989; x_wconf 89' lang='lat' dir='ltr'>Hinrieus</span> <span class='ocrx_word' id='word_1_162' title='bbox 1570 2923 1660 3009; x_wconf 83' lang='lat' dir='ltr'>clot,</span> <span class='ocrx_word' id='word_1_163' title='bbox 1687 2925 1854 2991; x_wconf 88' lang='lat' dir='ltr'>Johannes</span> <span class='ocrx_word' id='word_1_164' title='bbox 1882 2926 1971 2992; x_wconf 89' lang='lat' dir='ltr'>bum·</span> 
     </span>
     <span class='ocr_line' id='line_1_18' title="bbox 261 3035 1969 3133; baseline 0.002 -27"><span class='ocrx_word' id='word_1_165' title='bbox 261 3035 269 3049; x_wconf 82' lang='grc'><strong>”</strong></span> <span class='ocrx_word' id='word_1_166' title='bbox 307 3041 408 3108; x_wconf 88' lang='lat' dir='ltr'>borch</span> <span class='ocrx_word' id='word_1_167' title='bbox 431 3045 576 3132; x_wconf 90' lang='lat' dir='ltr'>canonicj</span> <span class='ocrx_word' id='word_1_168' title='bbox 600 3047 759 3110; x_wconf 89' lang='lat' dir='ltr'>maiorum</span> <span class='ocrx_word' id='word_1_169' title='bbox 778 3043 1036 3133; x_wconf 88' lang='lat' dir='ltr'>prebendarum,</span> <span class='ocrx_word' id='word_1_170' title='bbox 1068 3042 1212 3109; x_wconf 89' lang='lat' dir='ltr'>Jacobus</span> <span class='ocrx_word' id='word_1_171' title='bbox 1233 3042 1391 3109; x_wconf 73' lang='lat' dir='ltr'>iohannis</span> <span class='ocrx_word' id='word_1_172' title='bbox 1413 3042 1587 3107; x_wconf 84' lang='lat' dir='ltr'>canonieus</span> <span class='ocrx_word' id='word_1_173' title='bbox 1610 3043 1769 3109; x_wconf 83' lang='lat' dir='ltr'>destincte</span> <span class='ocrx_word' id='word_1_174' title='bbox 1791 3043 1969 3131; x_wconf 88' lang='lat' dir='ltr'>prebende,</span> 
     </span>
     <span class='ocr_line' id='line_1_19' title="bbox 306 3161 1972 3250; baseline 0.001 -22"><span class='ocrx_word' id='word_1_175' title='bbox 306 3163 464 3228; x_wconf 86' lang='lat' dir='ltr'>Martinus</span> <span class='ocrx_word' id='word_1_176' title='bbox 480 3162 581 3250; x_wconf 84' lang='lat' dir='ltr'>Ericj,</span> <span class='ocrx_word' id='word_1_177' title='bbox 604 3163 812 3229; x_wconf 84' lang='lat' dir='ltr'>Oristofferus</span> <span class='ocrx_word' id='word_1_178' title='bbox 833 3161 970 3249; x_wconf 88' lang='lat' dir='ltr'>Nicolaj,</span> <span class='ocrx_word' id='word_1_179' title='bbox 994 3163 1068 3227; x_wconf 88' lang='lat' dir='ltr'>Ouo</span> <span class='ocrx_word' id='word_1_180' title='bbox 1094 3161 1242 3226; x_wconf 88' lang='lat' dir='ltr'>bunneus</span> <span class='ocrx_word' id='word_1_181' title='bbox 1265 3162 1410 3246; x_wconf 88' lang='lat' dir='ltr'>eanonicj</span> <span class='ocrx_word' id='word_1_182' title='bbox 1434 3161 1592 3226; x_wconf 89' lang='lat' dir='ltr'>minorum</span> <span class='ocrx_word' id='word_1_183' title='bbox 1614 3161 1866 3250; x_wconf 81' lang='lat' dir='ltr'>prebendarum,</span> <span class='ocrx_word' id='word_1_184' title='bbox 1892 3174 1972 3229; x_wconf 91' lang='lat' dir='ltr'>tam·</span> 
     </span>
     <span class='ocr_line' id='line_1_20' title="bbox 308 3277 1970 3368; baseline 0 -21"><span class='ocrx_word' id='word_1_185' title='bbox 308 3303 405 3368; x_wconf 84' lang='lat' dir='ltr'>quam</span> <span class='ocrx_word' id='word_1_186' title='bbox 437 3280 609 3368; x_wconf 87' lang='lat' dir='ltr'>capitulum</span> <span class='ocrx_word' id='word_1_187' title='bbox 643 3282 815 3368; x_wconf 84' lang='lat' dir='ltr'>collegiata</span> <span class='ocrx_word' id='word_1_188' title='bbox 852 3279 991 3346; x_wconf 90' lang='lat' dir='ltr'>ecclesie</span> <span class='ocrx_word' id='word_1_189' title='bbox 1024 3281 1126 3344; x_wconf 84' lang='lat' dir='ltr'>Beate</span> <span class='ocrx_word' id='word_1_190' title='bbox 1160 3281 1260 3344; x_wconf 88' lang='lat' dir='ltr'>marie</span> <span class='ocrx_word' id='word_1_191' title='bbox 1292 3281 1428 3365; x_wconf 85' lang='lat' dir='ltr'>virginis</span> <span class='ocrx_word' id='word_1_192' title='bbox 1460 3277 1721 3344; x_wconf 87' lang='lat' dir='ltr'>hadersleuensis</span> <span class='ocrx_word' id='word_1_193' title='bbox 1755 3280 1970 3348; x_wconf 88' lang='lat' dir='ltr'>Slesuicensis</span> 
     </span>
     <span class='ocr_line' id='line_1_21' title="bbox 308 3397 2013 3488; baseline 0 -23"><span class='ocrx_word' id='word_1_194' title='bbox 308 3400 459 3484; x_wconf 87' lang='lat' dir='ltr'>diocesis,</span> <span class='ocrx_word' id='word_1_195' title='bbox 481 3399 700 3464; x_wconf 87' lang='lat' dir='ltr'>obedientiam</span> <span class='ocrx_word' id='word_1_196' title='bbox 716 3409 749 3464; x_wconf 91' lang='lat' dir='ltr'>et</span> <span class='ocrx_word' id='word_1_197' title='bbox 764 3399 993 3464; x_wconf 86' lang='lat' dir='ltr'>Reuerentiam</span> <span class='ocrx_word' id='word_1_198' title='bbox 1011 3407 1076 3463; x_wconf 85' lang='lat' dir='ltr'>tam</span> <span class='ocrx_word' id='word_1_199' title='bbox 1095 3397 1237 3464; x_wconf 89' lang='lat' dir='ltr'>debitam</span> <span class='ocrx_word' id='word_1_200' title='bbox 1253 3421 1350 3486; x_wconf 89' lang='lat' dir='ltr'>quam</span> <span class='ocrx_word' id='word_1_201' title='bbox 1372 3398 1533 3462; x_wconf 87' lang='lat' dir='ltr'>deuotam.</span> <span class='ocrx_word' id='word_1_202' title='bbox 1577 3398 1816 3464; x_wconf 85' lang='lat' dir='ltr'>Reuerendo</span> <span class='ocrx_word' id='word_1_203' title='bbox 1840 3409 1972 3488; x_wconf 87' lang='lat' dir='ltr'>pater,</span> <span class='ocrx_word' id='word_1_204' title='bbox 2009 3463 2013 3472; x_wconf 90' lang='grc'>,</span> 
     </span>
     <span class='ocr_line' id='line_1_22' title="bbox 311 3514 1972 3604; baseline 0.001 -20"><span class='ocrx_word' id='word_1_205' title='bbox 311 3518 421 3584; x_wconf 88' lang='lat' dir='ltr'>debita</span> <span class='ocrx_word' id='word_1_206' title='bbox 452 3539 531 3583; x_wconf 88' lang='lat' dir='ltr'>cura</span> <span class='ocrx_word' id='word_1_207' title='bbox 556 3539 617 3582; x_wconf 89' lang='lat' dir='ltr'>nos</span> <span class='ocrx_word' id='word_1_208' title='bbox 647 3517 814 3602; x_wconf 87' lang='lat' dir='ltr'>admonet,</span> <span class='ocrx_word' id='word_1_209' title='bbox 847 3526 883 3582; x_wconf 86' lang='lat' dir='ltr'>vt</span> <span class='ocrx_word' id='word_1_210' title='bbox 911 3527 976 3582; x_wconf 90' lang='lat' dir='ltr'>tam</span> <span class='ocrx_word' id='word_1_211' title='bbox 999 3517 1116 3582; x_wconf 90' lang='lat' dir='ltr'>diuinis</span> <span class='ocrx_word' id='word_1_212' title='bbox 1144 3539 1240 3604; x_wconf 87' lang='lat' dir='ltr'>quam</span> <span class='ocrx_word' id='word_1_213' title='bbox 1261 3516 1409 3582; x_wconf 87' lang='lat' dir='ltr'>humanis</span> <span class='ocrx_word' id='word_1_214' title='bbox 1435 3517 1475 3603; x_wconf 92' lang='lat' dir='ltr'>jn</span> <span class='ocrx_word' id='word_1_215' title='bbox 1504 3514 1676 3602; x_wconf 86' lang='lat' dir='ltr'>collegiata</span> <span class='ocrx_word' id='word_1_216' title='bbox 1702 3516 1841 3582; x_wconf 87' lang='lat' dir='ltr'>ecelesia</span> <span class='ocrx_word' id='word_1_217' title='bbox 1868 3519 1972 3585; x_wconf 90' lang='lat' dir='ltr'>Beate</span> 
     </span>
     <span class='ocr_line' id='line_1_23' title="bbox 308 3634 1972 3724; baseline 0.001 -22"><span class='ocrx_word' id='word_1_218' title='bbox 308 3639 410 3702; x_wconf 87' lang='lat' dir='ltr'>marie</span> <span class='ocrx_word' id='word_1_219' title='bbox 440 3637 575 3722; x_wconf 87' lang='lat' dir='ltr'>virginis</span> <span class='ocrx_word' id='word_1_220' title='bbox 604 3635 876 3702; x_wconf 86' lang='lat' dir='ltr'>Hadersleuensis</span> <span class='ocrx_word' id='word_1_221' title='bbox 902 3645 1012 3702; x_wconf 88' lang='lat' dir='ltr'>vestre</span> <span class='ocrx_word' id='word_1_222' title='bbox 1041 3636 1256 3702; x_wconf 87' lang='lat' dir='ltr'>Slesuicensis</span> <span class='ocrx_word' id='word_1_223' title='bbox 1290 3636 1428 3700; x_wconf 91' lang='lat' dir='ltr'>diocesis</span> <span class='ocrx_word' id='word_1_224' title='bbox 1462 3642 1495 3698; x_wconf 90' lang='lat' dir='ltr'>et</span> <span class='ocrx_word' id='word_1_225' title='bbox 1529 3635 1615 3699; x_wconf 87' lang='lat' dir='ltr'>circa</span> <span class='ocrx_word' id='word_1_226' title='bbox 1648 3634 1785 3700; x_wconf 86' lang='lat' dir='ltr'>eandem</span> <span class='ocrx_word' id='word_1_227' title='bbox 1819 3648 1972 3724; x_wconf 83' lang='lat' dir='ltr'>quantum</span> 
     </span>
     <span class='ocr_line' id='line_1_24' title="bbox 308 3753 1972 3844; baseline 0.001 -24"><span class='ocrx_word' id='word_1_228' title='bbox 308 3777 479 3844; x_wconf 87' lang='lat' dir='ltr'>possumus</span> <span class='ocrx_word' id='word_1_229' title='bbox 501 3776 664 3842; x_wconf 86' lang='lat' dir='ltr'>propense</span> <span class='ocrx_word' id='word_1_230' title='bbox 682 3754 909 3842; x_wconf 85' lang='lat' dir='ltr'>jntendamus,</span> <span class='ocrx_word' id='word_1_231' title='bbox 942 3753 1016 3820; x_wconf 88' lang='lat' dir='ltr'>binc</span> <span class='ocrx_word' id='word_1_232' title='bbox 1045 3755 1105 3820; x_wconf 91' lang='lat' dir='ltr'>sub</span> <span class='ocrx_word' id='word_1_233' title='bbox 1133 3756 1256 3819; x_wconf 87' lang='lat' dir='ltr'>confisa</span> <span class='ocrx_word' id='word_1_234' title='bbox 1278 3777 1336 3841; x_wconf 88' lang='lat' dir='ltr'>spe</span> <span class='ocrx_word' id='word_1_235' title='bbox 1357 3764 1467 3819; x_wconf 86' lang='lat' dir='ltr'>vestre</span> <span class='ocrx_word' id='word_1_236' title='bbox 1490 3753 1671 3819; x_wconf 86' lang='lat' dir='ltr'>reuerende</span> <span class='ocrx_word' id='word_1_237' title='bbox 1699 3757 1900 3840; x_wconf 84' lang='lat' dir='ltr'>paternitatis</span> <span class='ocrx_word' id='word_1_238' title='bbox 1923 3778 1972 3822; x_wconf 88' lang='lat' dir='ltr'>or·</span> 
     </span>
     <span class='ocr_line' id='line_1_25' title="bbox 219 3872 1972 3962; baseline -0.001 -22"><span class='ocrx_word' id='word_1_239' title='bbox 219 3897 221 3902; x_wconf 91' lang='lat'>·</span> <span class='ocrx_word' id='word_1_240' title='bbox 311 3875 434 3940; x_wconf 71' lang='grc' dir='ltr'>1100ήο</span> <span class='ocrx_word' id='word_1_241' title='bbox 462 3873 704 3938; x_wconf 88' lang='lat' dir='ltr'>confirmatione</span> <span class='ocrx_word' id='word_1_242' title='bbox 732 3895 791 3960; x_wconf 90' lang='lat' dir='ltr'>pro</span> <span class='ocrx_word' id='word_1_243' title='bbox 820 3873 915 3938; x_wconf 89' lang='lat' dir='ltr'>nobis</span> <span class='ocrx_word' id='word_1_244' title='bbox 945 3885 977 3938; x_wconf 87' lang='lat' dir='ltr'>et</span> <span class='ocrx_word' id='word_1_245' title='bbox 1006 3874 1154 3939; x_wconf 87' lang='lat' dir='ltr'>omnibus</span> <span class='ocrx_word' id='word_1_246' title='bbox 1176 3872 1419 3939; x_wconf 88' lang='lat' dir='ltr'>successoribus</span> <span class='ocrx_word' id='word_1_247' title='bbox 1441 3874 1559 3937; x_wconf 87' lang='lat' dir='ltr'>nostris</span> <span class='ocrx_word' id='word_1_248' title='bbox 1582 3883 1715 3960; x_wconf 86' lang='lat' dir='ltr'>totoque</span> <span class='ocrx_word' id='word_1_249' title='bbox 1739 3873 1878 3958; x_wconf 88' lang='lat' dir='ltr'>capitulo</span> <span class='ocrx_word' id='word_1_250' title='bbox 1901 3897 1972 3962; x_wconf 88' lang='lat' dir='ltr'>pre-</span> 
     </span>
     <span class='ocr_line' id='line_1_26' title="bbox 309 3990 1971 4078; baseline 0.001 -20"><span class='ocrx_word' id='word_1_251' title='bbox 309 4001 395 4058; x_wconf 86' lang='lat' dir='ltr'>tacte</span> <span class='ocrx_word' id='word_1_252' title='bbox 418 3991 589 4077; x_wconf 81' lang='lat' dir='ltr'>collegiata</span> <span class='ocrx_word' id='word_1_253' title='bbox 614 3990 752 4057; x_wconf 88' lang='lat' dir='ltr'>ecclesie</span> <span class='ocrx_word' id='word_1_254' title='bbox 769 3991 1041 4075; x_wconf 86' lang='lat' dir='ltr'>badersleuensis,</span> <span class='ocrx_word' id='word_1_255' title='bbox 1063 4002 1189 4058; x_wconf 87' lang='lat' dir='ltr'>matura</span> <span class='ocrx_word' id='word_1_256' title='bbox 1211 3993 1314 4056; x_wconf 90' lang='lat' dir='ltr'>eciam</span> <span class='ocrx_word' id='word_1_257' title='bbox 1337 4015 1409 4057; x_wconf 88' lang='lat' dir='ltr'>cum</span> <span class='ocrx_word' id='word_1_258' title='bbox 1431 3999 1541 4056; x_wconf 82' lang='lat' dir='ltr'>vestra</span> <span class='ocrx_word' id='word_1_259' title='bbox 1562 3991 1757 4057; x_wconf 89' lang='lat' dir='ltr'>Reuerenda</span> <span class='ocrx_word' id='word_1_260' title='bbox 1777 3995 1971 4078; x_wconf 87' lang='lat' dir='ltr'>paternitate</span> 
     </span>
     <span class='ocr_line' id='line_1_27' title="bbox 310 4110 1972 4199; baseline 0.001 -23"><span class='ocrx_word' id='word_1_261' title='bbox 310 4110 544 4176; x_wconf 80' lang='lat' dir='ltr'>deliberatione</span> <span class='ocrx_word' id='word_1_262' title='bbox 566 4111 689 4198; x_wconf 86' lang='lat' dir='ltr'>preuia,</span> <span class='ocrx_word' id='word_1_263' title='bbox 716 4133 776 4198; x_wconf 88' lang='lat' dir='ltr'>pro</span> <span class='ocrx_word' id='word_1_264' title='bbox 798 4110 920 4176; x_wconf 87' lang='lat' dir='ltr'>honore</span> <span class='ocrx_word' id='word_1_265' title='bbox 944 4112 998 4177; x_wconf 88' lang='lat' dir='ltr'>dei</span> <span class='ocrx_word' id='word_1_266' title='bbox 1018 4112 1185 4199; x_wconf 87' lang='lat' dir='ltr'>ipsiusque</span> <span class='ocrx_word' id='word_1_267' title='bbox 1207 4114 1350 4198; x_wconf 87' lang='lat' dir='ltr'>pijssime</span> <span class='ocrx_word' id='word_1_268' title='bbox 1372 4113 1482 4176; x_wconf 88' lang='lat' dir='ltr'>matris</span> <span class='ocrx_word' id='word_1_269' title='bbox 1506 4111 1606 4174; x_wconf 87' lang='lat' dir='ltr'>marie</span> <span class='ocrx_word' id='word_1_270' title='bbox 1629 4119 1662 4175; x_wconf 90' lang='lat' dir='ltr'>et</span> <span class='ocrx_word' id='word_1_271' title='bbox 1685 4111 1824 4176; x_wconf 89' lang='lat' dir='ltr'>omnium</span> <span class='ocrx_word' id='word_1_272' title='bbox 1848 4123 1972 4178; x_wconf 88' lang='lat' dir='ltr'>sancto·</span> 
     </span>
     <span class='ocr_line' id='line_1_28' title="bbox 308 4227 1970 4321; baseline 0 -27"><span class='ocrx_word' id='word_1_273' title='bbox 308 4253 395 4314; x_wconf 90' lang='lat' dir='ltr'>rum,</span> <span class='ocrx_word' id='word_1_274' title='bbox 429 4230 510 4294; x_wconf 87' lang='lat' dir='ltr'>citra</span> <span class='ocrx_word' id='word_1_275' title='bbox 536 4237 646 4294; x_wconf 87' lang='lat' dir='ltr'>tamen</span> <span class='ocrx_word' id='word_1_276' title='bbox 676 4227 810 4294; x_wconf 89' lang='lat' dir='ltr'>aliorum</span> <span class='ocrx_word' id='word_1_277' title='bbox 839 4237 1029 4296; x_wconf 86' lang='lat' dir='ltr'>statutorum</span> <span class='ocrx_word' id='word_1_278' title='bbox 1052 4239 1085 4295; x_wconf 89' lang='lat' dir='ltr'>et</span> <span class='ocrx_word' id='word_1_279' title='bbox 1106 4229 1314 4321; x_wconf 75' lang='lat' dir='ltr'>laudabilium</span> <span class='ocrx_word' id='word_1_280' title='bbox 1338 4227 1605 4296; x_wconf 88' lang='lat' dir='ltr'>consuetudinum</span> <span class='ocrx_word' id='word_1_281' title='bbox 1627 4227 1776 4293; x_wconf 84' lang='lat' dir='ltr'>Eecleaie</span> <span class='ocrx_word' id='word_1_282' title='bbox 1799 4229 1970 4315; x_wconf 87' lang='lat' dir='ltr'>collegiate</span> 
     </span>
     <span class='ocr_line' id='line_1_29' title="bbox 309 4331 1973 4436; baseline 0.001 -23"><span class='ocrx_word' id='word_1_283' title='bbox 309 4349 413 4413; x_wconf 86' lang='lat' dir='ltr'>Beate</span> <span class='ocrx_word' id='word_1_284' title='bbox 435 4349 536 4412; x_wconf 87' lang='lat' dir='ltr'>marie</span> <span class='ocrx_word' id='word_1_285' title='bbox 559 4347 695 4432; x_wconf 88' lang='lat' dir='ltr'>virginis</span> <span class='ocrx_word' id='word_1_286' title='bbox 717 4347 979 4414; x_wconf 84' lang='lat' dir='ltr'>hadersleuensis</span> <span class='ocrx_word' id='word_1_287' title='bbox 1001 4331 1214 4436; x_wconf 87' lang='lat' dir='ltr'>quouismodo</span> <span class='ocrx_word' id='word_1_288' title='bbox 1237 4349 1498 4434; x_wconf 87' lang='lat' dir='ltr'>derogationem,</span> <span class='ocrx_word' id='word_1_289' title='bbox 1523 4345 1738 4412; x_wconf 81' lang='lat' dir='ltr'>statuendum</span> <span class='ocrx_word' id='word_1_290' title='bbox 1760 4346 1910 4413; x_wconf 81' lang='lat' dir='ltr'>duximm</span> <span class='ocrx_word' id='word_1_291' title='bbox 1940 4357 1973 4414; x_wconf 86' lang='lat' dir='ltr'>et</span> 
     </span>
     <span class='ocr_line' id='line_1_30' title="bbox 310 4465 1971 4554; baseline 0 -24"><span class='ocrx_word' id='word_1_292' title='bbox 310 4465 524 4531; x_wconf 87' lang='lat' dir='ltr'>ordinandum</span> <span class='ocrx_word' id='word_1_293' title='bbox 557 4476 654 4552; x_wconf 89' lang='lat' dir='ltr'>prout</span> <span class='ocrx_word' id='word_1_294' title='bbox 686 4467 929 4532; x_wconf 85' lang='lat' dir='ltr'>confirmatione</span> <span class='ocrx_word' id='word_1_295' title='bbox 956 4469 1157 4554; x_wconf 82' lang='lat' dir='ltr'>paternitatis</span> <span class='ocrx_word' id='word_1_296' title='bbox 1185 4477 1295 4532; x_wconf 88' lang='lat' dir='ltr'>vestre</span> <span class='ocrx_word' id='word_1_297' title='bbox 1324 4466 1501 4532; x_wconf 86' lang='lat' dir='ltr'>accedente</span> <span class='ocrx_word' id='word_1_298' title='bbox 1530 4465 1698 4530; x_wconf 86' lang='lat' dir='ltr'>statuimus</span> <span class='ocrx_word' id='word_1_299' title='bbox 1727 4475 1760 4531; x_wconf 90' lang='lat' dir='ltr'>et</span> <span class='ocrx_word' id='word_1_300' title='bbox 1787 4465 1971 4530; x_wconf 88' lang='lat' dir='ltr'>ordinamus</span> 
     </span>
     <span class='ocr_line' id='line_1_31' title="bbox 309 4581 1973 4673; baseline 0 -25"><span class='ocrx_word' id='word_1_301' title='bbox 309 4607 369 4671; x_wconf 89' lang='lat' dir='ltr'>per</span> <span class='ocrx_word' id='word_1_302' title='bbox 390 4595 574 4671; x_wconf 87' lang='lat' dir='ltr'>presentes:</span> <span class='ocrx_word' id='word_1_303' title='bbox 611 4585 708 4668; x_wconf 81' lang='lat' dir='ltr'>Quod</span> <span class='ocrx_word' id='word_1_304' title='bbox 731 4586 772 4651; x_wconf 83' lang='lat' dir='ltr'>ab</span> <span class='ocrx_word' id='word_1_305' title='bbox 795 4585 856 4650; x_wconf 86' lang='lat' dir='ltr'>bac</span> <span class='ocrx_word' id='word_1_306' title='bbox 879 4585 932 4650; x_wconf 91' lang='lat' dir='ltr'>die</span> <span class='ocrx_word' id='word_1_307' title='bbox 949 4587 1086 4673; x_wconf 86' lang='lat' dir='ltr'>jnantea</span> <span class='ocrx_word' id='word_1_308' title='bbox 1107 4587 1141 4651; x_wconf 90' lang='lat' dir='ltr'>in</span> <span class='ocrx_word' id='word_1_309' title='bbox 1163 4585 1311 4651; x_wconf 89' lang='lat' dir='ltr'>omnibus</span> <span class='ocrx_word' id='word_1_310' title='bbox 1334 4596 1367 4650; x_wconf 91' lang='lat' dir='ltr'>et</span> <span class='ocrx_word' id='word_1_311' title='bbox 1389 4584 1522 4670; x_wconf 85' lang='lat' dir='ltr'>singulis</span> <span class='ocrx_word' id='word_1_312' title='bbox 1547 4581 1680 4667; x_wconf 90' lang='lat' dir='ltr'>diebus,</span> <span class='ocrx_word' id='word_1_313' title='bbox 1697 4585 1737 4669; x_wconf 92' lang='lat' dir='ltr'>jn</span> <span class='ocrx_word' id='word_1_314' title='bbox 1759 4585 1877 4672; x_wconf 86' lang='lat' dir='ltr'>quibus</span> <span class='ocrx_word' id='word_1_315' title='bbox 1900 4584 1973 4648; x_wconf 90' lang='lat' dir='ltr'>soli·</span> 
     </span>
     <span class='ocr_line' id='line_1_32' title="bbox 309 4701 1972 4792; baseline 0 -24"><span class='ocrx_word' id='word_1_316' title='bbox 309 4708 377 4768; x_wconf 77' lang='lat' dir='ltr'>tum</span> <span class='ocrx_word' id='word_1_317' title='bbox 409 4701 469 4766; x_wconf 85' lang='lat' dir='ltr'>fuit</span> <span class='ocrx_word' id='word_1_318' title='bbox 490 4703 580 4790; x_wconf 85' lang='lat' dir='ltr'>jnfra</span> <span class='ocrx_word' id='word_1_319' title='bbox 610 4725 767 4770; x_wconf 86' lang='lat' dir='ltr'>summam</span> <span class='ocrx_word' id='word_1_320' title='bbox 795 4705 926 4770; x_wconf 86' lang='lat' dir='ltr'>missam</span> <span class='ocrx_word' id='word_1_321' title='bbox 952 4714 1029 4792; x_wconf 91' lang='lat' dir='ltr'>post</span> <span class='ocrx_word' id='word_1_322' title='bbox 1055 4705 1179 4769; x_wconf 87' lang='lat' dir='ltr'>finitum</span> <span class='ocrx_word' id='word_1_323' title='bbox 1202 4704 1301 4769; x_wconf 91' lang='lat' dir='ltr'>credo</span> <span class='ocrx_word' id='word_1_324' title='bbox 1330 4725 1514 4770; x_wconf 89' lang='lat' dir='ltr'>sermonem</span> <span class='ocrx_word' id='word_1_325' title='bbox 1540 4703 1613 4766; x_wconf 89' lang='lat' dir='ltr'>fieri</span> <span class='ocrx_word' id='word_1_326' title='bbox 1634 4701 1675 4766; x_wconf 89' lang='lat' dir='ltr'>de</span> <span class='ocrx_word' id='word_1_327' title='bbox 1698 4701 1851 4786; x_wconf 87' lang='lat' dir='ltr'>lectorio,</span> <span class='ocrx_word' id='word_1_328' title='bbox 1885 4702 1972 4790; x_wconf 92' lang='lat' dir='ltr'>quod</span> 
     </span>
    </p>
   </div>
   <div class='ocr_carea' id='block_1_3' title="bbox 310 4817 1974 5385">
    <p class='ocr_par' dir='ltr' id='par_1_3' title="bbox 310 4817 1974 5385">
     <span class='ocr_line' id='line_1_33' title="bbox 311 4817 1974 4912; baseline 0.001 -28"><span class='ocrx_word' id='word_1_329' title='bbox 311 4821 434 4885; x_wconf 89' lang='lat' dir='ltr'>eisdem</span> <span class='ocrx_word' id='word_1_330' title='bbox 457 4817 572 4886; x_wconf 82' lang='lat' dir='ltr'>diebus</span> <span class='ocrx_word' id='word_1_331' title='bbox 595 4824 696 4887; x_wconf 89' lang='lat' dir='ltr'>torcia</span> <span class='ocrx_word' id='word_1_332' title='bbox 722 4823 892 4910; x_wconf 90' lang='lat' dir='ltr'>incipiatur</span> <span class='ocrx_word' id='word_1_333' title='bbox 916 4825 955 4912; x_wconf 90' lang='lat' dir='ltr'>jn</span> <span class='ocrx_word' id='word_1_334' title='bbox 981 4823 1089 4889; x_wconf 91' lang='lat' dir='ltr'>medio</span> <span class='ocrx_word' id='word_1_335' title='bbox 1118 4825 1268 4910; x_wconf 86' lang='lat' dir='ltr'>septime,</span> <span class='ocrx_word' id='word_1_336' title='bbox 1302 4825 1411 4888; x_wconf 89' lang='lat' dir='ltr'>sicvt</span> <span class='ocrx_word' id='word_1_337' title='bbox 1437 4822 1565 4887; x_wconf 85' lang='lat' dir='ltr'>circiter</span> <span class='ocrx_word' id='word_1_338' title='bbox 1593 4821 1706 4886; x_wconf 88' lang='lat' dir='ltr'>boram</span> <span class='ocrx_word' id='word_1_339' title='bbox 1734 4823 1903 4908; x_wconf 90' lang='lat' dir='ltr'>septimam</span> <span class='ocrx_word' id='word_1_340' title='bbox 1932 4823 1974 4888; x_wconf 88' lang='lat' dir='ltr'>sit</span> 
     </span>
     <span class='ocr_line' id='line_1_34' title="bbox 311 4937 1969 5027; baseline 0 -24"><span class='ocrx_word' id='word_1_341' title='bbox 311 4939 417 5022; x_wconf 77' lang='lat' dir='ltr'>linita3</span> <span class='ocrx_word' id='word_1_342' title='bbox 440 4938 570 5004; x_wconf 89' lang='lat' dir='ltr'>Deinde</span> <span class='ocrx_word' id='word_1_343' title='bbox 593 4939 695 5006; x_wconf 89' lang='lat' dir='ltr'>lector</span> <span class='ocrx_word' id='word_1_344' title='bbox 717 4941 898 5007; x_wconf 84' lang='lat' dir='ltr'>ordinarius</span> <span class='ocrx_word' id='word_1_345' title='bbox 919 4943 1018 5008; x_wconf 85' lang='lat' dir='ltr'>faciat</span> <span class='ocrx_word' id='word_1_346' title='bbox 1039 4963 1223 5007; x_wconf 88' lang='lat' dir='ltr'>sermonem</span> <span class='ocrx_word' id='word_1_347' title='bbox 1245 4941 1286 5007; x_wconf 91' lang='lat' dir='ltr'>de</span> <span class='ocrx_word' id='word_1_348' title='bbox 1308 4941 1453 5026; x_wconf 89' lang='lat' dir='ltr'>lectorio,</span> <span class='ocrx_word' id='word_1_349' title='bbox 1476 4941 1531 5007; x_wconf 90' lang='lat' dir='ltr'>Sic</span> <span class='ocrx_word' id='word_1_350' title='bbox 1547 4949 1584 5005; x_wconf 91' lang='lat' dir='ltr'>vt</span> <span class='ocrx_word' id='word_1_351' title='bbox 1606 4937 1751 5027; x_wconf 89' lang='lat' dir='ltr'>quartale</span> <span class='ocrx_word' id='word_1_352' title='bbox 1773 4941 1867 5004; x_wconf 80' lang='lat' dir='ltr'>unius</span> <span class='ocrx_word' id='word_1_353' title='bbox 1890 4939 1969 5004; x_wconf 89' lang='lat' dir='ltr'>hore</span> 
     </span>
     <span class='ocr_line' id='line_1_35' title="bbox 311 5059 1969 5147; baseline 0.001 -25"><span class='ocrx_word' id='word_1_354' title='bbox 311 5067 386 5123; x_wconf 87' lang='lat' dir='ltr'>ante</span> <span class='ocrx_word' id='word_1_355' title='bbox 409 5068 558 5123; x_wconf 88' lang='lat' dir='ltr'>octauam</span> <span class='ocrx_word' id='word_1_356' title='bbox 582 5059 623 5124; x_wconf 89' lang='lat' dir='ltr'>de</span> <span class='ocrx_word' id='word_1_357' title='bbox 645 5059 779 5125; x_wconf 85' lang='lat' dir='ltr'>lectorio</span> <span class='ocrx_word' id='word_1_358' title='bbox 803 5059 1025 5147; x_wconf 88' lang='lat' dir='ltr'>descenderit,</span> <span class='ocrx_word' id='word_1_359' title='bbox 1053 5071 1129 5127; x_wconf 91' lang='lat' dir='ltr'>tunc</span> <span class='ocrx_word' id='word_1_360' title='bbox 1156 5069 1303 5126; x_wconf 87' lang='lat' dir='ltr'>cantetur</span> <span class='ocrx_word' id='word_1_361' title='bbox 1326 5061 1429 5127; x_wconf 87' lang='lat' dir='ltr'>Sexta</span> <span class='ocrx_word' id='word_1_362' title='bbox 1452 5069 1484 5124; x_wconf 87' lang='lat' dir='ltr'>et</span> <span class='ocrx_word' id='word_1_363' title='bbox 1505 5060 1563 5125; x_wconf 89' lang='lat' dir='ltr'>fiat</span> <span class='ocrx_word' id='word_1_364' title='bbox 1584 5059 1736 5124; x_wconf 89' lang='lat' dir='ltr'>circuitus</span> <span class='ocrx_word' id='word_1_365' title='bbox 1759 5067 1969 5146; x_wconf 86' lang='lat' dir='ltr'>canteturque</span> 
     </span>
     <span class='ocr_line' id='line_1_36' title="bbox 311 5175 1970 5264; baseline 0.001 -24"><span class='ocrx_word' id='word_1_366' title='bbox 311 5175 435 5264; x_wconf 90' lang='lat' dir='ltr'>absque</span> <span class='ocrx_word' id='word_1_367' title='bbox 449 5176 701 5264; x_wconf 83' lang='lat' dir='ltr'>jutercapedine</span> <span class='ocrx_word' id='word_1_368' title='bbox 720 5177 853 5242; x_wconf 88' lang='lat' dir='ltr'>Summa</span> <span class='ocrx_word' id='word_1_369' title='bbox 873 5181 972 5244; x_wconf 88' lang='lat' dir='ltr'>missa</span> <span class='ocrx_word' id='word_1_370' title='bbox 993 5180 1180 5246; x_wconf 89' lang='lat' dir='ltr'>solemniter</span> <span class='ocrx_word' id='word_1_371' title='bbox 1202 5189 1235 5245; x_wconf 89' lang='lat' dir='ltr'>et</span> <span class='ocrx_word' id='word_1_372' title='bbox 1257 5179 1374 5245; x_wconf 90' lang='lat' dir='ltr'>deinde</span> <span class='ocrx_word' id='word_1_373' title='bbox 1396 5180 1453 5244; x_wconf 87' lang='lat' dir='ltr'>liat</span> <span class='ocrx_word' id='word_1_374' title='bbox 1475 5199 1561 5242; x_wconf 91' lang='lat' dir='ltr'>nona</span> <span class='ocrx_word' id='word_1_375' title='bbox 1583 5186 1678 5264; x_wconf 86' lang='lat' dir='ltr'>prout</span> <span class='ocrx_word' id='word_1_376' title='bbox 1701 5187 1889 5242; x_wconf 89' lang='lat' dir='ltr'>consuetum</span> <span class='ocrx_word' id='word_1_377' title='bbox 1910 5185 1970 5241; x_wconf 88' lang='lat' dir='ltr'>est.</span> 
     </span>
     <span class='ocr_line' id='line_1_37' title="bbox 310 5295 1969 5385; baseline 0 -25"><span class='ocrx_word' id='word_1_378' title='bbox 310 5295 469 5360; x_wconf 90' lang='lat' dir='ltr'>Preterea</span> <span class='ocrx_word' id='word_1_379' title='bbox 490 5314 602 5360; x_wconf 88' lang='lat' dir='ltr'>ornnes</span> <span class='ocrx_word' id='word_1_380' title='bbox 625 5305 658 5360; x_wconf 93' lang='lat' dir='ltr'>et</span> <span class='ocrx_word' id='word_1_381' title='bbox 679 5295 796 5384; x_wconf 85' lang='lat' dir='ltr'>singulj</span> <span class='ocrx_word' id='word_1_382' title='bbox 820 5298 942 5385; x_wconf 84' lang='lat' dir='ltr'>astrictj</span> <span class='ocrx_word' id='word_1_383' title='bbox 964 5319 1022 5365; x_wconf 86' lang='lat' dir='ltr'>seu</span> <span class='ocrx_word' id='word_1_384' title='bbox 1040 5298 1187 5364; x_wconf 90' lang='lat' dir='ltr'>volentes</span> <span class='ocrx_word' id='word_1_385' title='bbox 1203 5301 1244 5385; x_wconf 90' lang='lat' dir='ltr'>jn</span> <span class='ocrx_word' id='word_1_386' title='bbox 1266 5299 1380 5364; x_wconf 88' lang='lat' dir='ltr'>eadem</span> <span class='ocrx_word' id='word_1_387' title='bbox 1404 5296 1544 5363; x_wconf 88' lang='lat' dir='ltr'>ecclesia</span> <span class='ocrx_word' id='word_1_388' title='bbox 1564 5298 1680 5360; x_wconf 84' lang='lat' dir='ltr'>missas</span> <span class='ocrx_word' id='word_1_389' title='bbox 1703 5295 1870 5361; x_wconf 85' lang='lat' dir='ltr'>celebrare</span> <span class='ocrx_word' id='word_1_390' title='bbox 1893 5303 1969 5360; x_wconf 90' lang='lat' dir='ltr'>ante</span> 
     </span>
    </p>
   </div>
   <div class='ocr_carea' id='block_1_4' title="bbox 344 5435 1773 5494">
    <p class='ocr_par' dir='ltr' id='par_1_4' title="bbox 344 5435 1773 5494">
     <span class='ocr_line' id='line_1_38' title="bbox 344 5435 1773 5494; baseline 0.001 -11"><span class='ocrx_word' id='word_1_391' title='bbox 344 5443 396 5483; x_wconf 87' lang='lat' dir='ltr'>ua.</span> <span class='ocrx_word' id='word_1_392' title='bbox 411 5444 421 5483; x_wconf 82' lang='grc' dir='ltr'><strong>ι</strong></span> <span class='ocrx_word' id='word_1_393' title='bbox 435 5445 457 5484; x_wconf 82' lang='lat' dir='ltr'>a.</span> <span class='ocrx_word' id='word_1_394' title='bbox 471 5441 541 5489; x_wconf 79' lang='grc'>((000)</span> <span class='ocrx_word' id='word_1_395' title='bbox 555 5445 628 5494; x_wconf 63' lang='lat' dir='ltr'>ruine.</span> <span class='ocrx_word' id='word_1_396' title='bbox 1757 5435 1773 5485; x_wconf 81' lang='lat' dir='ltr'>‘l</span> 
     </span>
    </p>
   </div>
   <div class='ocr_carea' id='block_1_5' title="bbox 0 0 2596 6420">
    <p class='ocr_par' dir='ltr' id='par_1_5' title="bbox 0 0 2596 6420">
     <span class='ocr_line' id='line_1_39' title="bbox 0 0 2596 6420; baseline 0 0"><span class='ocrx_word' id='word_1_397' title='bbox 0 0 2596 6420; x_wconf 95' lang='lat' dir='ltr'> </span> 
     </span>
    </p>
   </div>
  </div>
 </body>
</html>
