5088 6416
692 669 788 752 to¹

646 869 817 958 prehabita
844 868 1125 935 concordaverunt
1155 876 1309 955 quantum
1336 869 1370 934 in
1391 869 1439 933 cis
1467 876 1547 954 erat,
1569 867 1673 933 dictos
1695 868 1894 933 Canonicum
1905 869 1931 954 ¹)
1955 878 1989 934 et
2008 868 2211 956 prebendam
2233 871 2302 936 dnn

646 989 837 1056 vacaverint
859 988 902 1053 ad
923 989 1199 1076 presentationem
1216 985 1324 1072 Regis
1341 986 1532 1054 Serenitatis
1554 1008 1614 1074 pro
1636 986 1751 1053 futuris
1771 987 1939 1074 perpetuis
1961 987 2161 1073 temporibus
2182 987 2301 1054 debere

646 1108 820 1194 pertinere,
844 1117 876 1172 et
897 1107 1081 1172 huiusmodi
1102 1106 1303 1193 presentatio
1327 1127 1387 1194 per
1407 1105 1608 1192 Episcopum
1631 1108 1686 1193 qvi
1707 1127 1767 1192 pro
1789 1115 1937 1192 tempore
1966 1105 2063 1171 fuerit
2085 1105 2205 1172 debeat
2234 1129 2302 1173 con-

645 1225 776 1310 firmari,
798 1235 832 1290 et
852 1226 940 1312 qvod
967 1224 1150 1290 huiusmodi
1173 1223 1392 1309 Canonicusl)
1421 1233 1454 1288 et
1481 1223 1664 1289 Praebenda
1690 1221 1833 1308 Regales
1861 1222 2004 1288 debeant
2024 1225 2201 1310 nominari,
2233 1228 2303 1312 qvia

647 1365 759 1422 eorum
772 1345 1032 1432 presentationes
1053 1365 1097 1408 ex
1112 1343 1217 1429 regali
1229 1343 1435 1408 successione
1451 1341 1592 1417 debeant
1603 1341 1794 1430 procedere,
1816 1352 1852 1408 ut
1862 1342 2034 1430 prefertur.
2068 1343 2159 1425 Quas
2177 1343 2302 1431 quidem

645 1464 906 1550 presentationcs
923 1463 956 1526 in
975 1483 1221 1549 recompensam
1240 1461 1353 1545 factas,
1370 1470 1405 1527 nt
1421 1461 1608 1548 predicitur,
1630 1461 1876 1528 Nosdobanncs
1888 1463 2072 1550 Episcopus
2085 1461 2302 1528 Slcswicensis

645 1581 811 1668 predictus
830 1590 1046 1668 acceptamus,
1069 1579 1299 1668 approbamus,
1317 1583 1563 1678 auctorinamus,
1584 1581 1791 1666 ratificamus,
1818 1588 1851 1645 et
1866 1583 1995 1645 nomine
2014 1581 2136 1646 domini
2156 1583 2302 1646 invocato

646 1699 811 1766 ordinaria
833 1701 1024 1764 auctoritate
1048 1700 1274 1765 confirmamus
1303 1700 1336 1764 in
1363 1697 1424 1763 hiis
1446 1700 1574 1784 scriptis
1596 1701 1763 1786 perpetuis
1785 1699 1986 1787 temporibus
2009 1700 2181 1766 duraturis.
2226 1698 2302 1787 Snp·

644 1817 843 1906 plicavitque
864 1817 959 1884 nobis
975 1818 1116 1884 Johanni
1126 1818 1291 1904 Episcopo
1304 1816 1512 1884 Sleswieensi
1532 1818 1679 1905 predicto
1701 1819 1807 1906 ipsum
1825 1818 2008 1905 Capitulum
2021 1817 2302 1904 Hatherslevense,

645 1946 681 2018 ut
711 1936 876 2002 decretum
898 1945 1044 2002 nostrum
1076 1937 1283 2023 interponere
1317 1935 1541 2021 dignaremur,
1580 1947 1740 2024 quatenns
1768 1938 1862 2004 dictis
1883 1937 2018 2024 Regalis
2041 1938 2232 2004 serenitatis
2258 1936 2303 2002 lit·

645 2056 724 2121 teris
752 2055 861 2142 quoad
890 2057 1136 2122 concessionem
1159 2064 1192 2119 et
1215 2054 1428 2120 donacionem
1455 2055 1629 2140 antefatos,
1662 2056 1715 2121 bic
1743 2056 1784 2122 de
1811 2055 1914 2122 verbo
1943 2057 1984 2121 ad
2013 2055 2152 2122 verbum
2177 2057 2301 2122 insertis

647 2174 840 2260 exemplatis
863 2173 1077 2239 collationstis
1102 2183 1135 2238 et
1156 2181 1280 2238 mature
1305 2175 1513 2260 examinatis,
1547 2195 1657 2240 eoram
1678 2175 1825 2262 pluribus
1847 2173 1985 2240 testibus
2007 2175 2072 2240 fide
2096 2175 2203 2260 dignis
2224 2174 2303 2240 inira

646 2292 887 2376 describendis,
919 2303 1073 2378 tanquam
1101 2313 1180 2356 vero
1212 2291 1360 2377 originali
1388 2291 1582 2380 ubicumque
1609 2292 1755 2359 locorum
1782 2291 1975 2359 adhibeatur
2001 2293 2098 2381 plena
2119 2293 2213 2359 fides.
2267 2292 2302 2356 ln

648 2413 789 2476 omnium
810 2413 1042 2499 premissorum
1063 2411 1282 2475 testimonium
1310 2410 1449 2496 sigillum
1477 2421 1621 2478 nostrum
1642 2411 1849 2500 presentibus
1872 2412 2022 2477 duximus
2045 2409 2300 2501 appendendum.

647 2531 729 2595 Acta
751 2539 825 2596 sunt
847 2530 907 2595 beo
928 2531 962 2594 in
984 2530 1074 2594 curia
1095 2527 1301 2594 habitationis
1324 2531 1447 2594 strenui
1468 2529 1576 2596 militis
1600 2530 1721 2597 domini
1741 2531 1899 2597 lobannis
1922 2531 2149 2616 Tysenhwsen
2176 2532 2210 2596 in
2232 2531 2302 2596 civi·

648 2658 716 2714 tate
738 2647 929 2734 Lubicensi,
962 2669 1047 2712 anno
1080 2647 1200 2712 domini
1221 2647 1266 2712 M.
1290 2647 1608 2734 qvadringentesimo
1639 2649 1765 2714 decimo
1794 2658 1924 2736 quarto,
1956 2649 2132 2715 indictione
2161 2651 2301 2737 septima,

645 2768 765 2832 mensis
783 2766 937 2853 Aprilis³)
961 2767 1013 2831 die
1036 2767 1157 2849 mertis,
1180 2776 1295 2852 quarta
1317 2765 1397 2832 hora
1420 2769 1513 2854 qvasi
1534 2759 1691 2851 meridiei,
1713 2769 1919 2855 pontificatus
1944 2769 2138 2837 sanctissimi
2158 2771 2193 2835 in
2217 2769 2302 2836 Cbri-

646 2893 696 2950 sto
724 2887 826 2973 patris
854 2896 888 2951 ct
916 2885 1036 2950 domini
1064 2887 1182 2970 nostri,
1218 2884 1340 2951 domini
1366 2885 1523 2952 Johannis
1558 2881 1668 2951 divina
1695 2887 1902 2974 providentia
1927 2887 2019 2974 Pape
2046 2889 2193 2953 vicesimi
2220 2889 2302 2954 tertii

547 3087 548 3094 ἵ
646 3026 730 3070 anno
762 3007 831 3070 eius
860 3016 984 3092 quarto.
1038 3004 1252 3070 Prosentibus
1285 3003 1466 3069 reverendo
1494 3005 1525 3068 in
1557 3004 1686 3070 Christo
1716 3013 1808 3092 patre
1838 3015 1871 3070 et
1893 3005 2039 3090 domino,
2073 3005 2203 3072 domino
2231 3008 2302 3095 Epi·

646 3144 746 3210 scopo
764 3122 979 3208 Dorbotensi,
1002 3126 1059 3210 qvi
1078 3131 1216 3211 protunc
1238 3124 1281 3188 ad
1302 3144 1421 3210 panem
1444 3122 1529 3189 dicte
1550 3122 1684 3207 Regalis
1707 3125 1889 3190 serenitatis
1913 3133 1946 3190 et
1968 3124 2011 3189 ad
2032 3127 2251 3191 reverentiam
2273 3135 2303 3190 et

645 3241 802 3307 honorem
832 3241 977 3307 ciusdem
1006 3243 1160 3308 extiterat
1186 3241 1356 3324 invitatur,
1389 3263 1450 3305 nec
1483 3263 1550 3306 non
1578 3241 1821 3308 honorabilibus
1841 3237 1934 3308 'viris
1962 3243 2101 3308 dominis
2127 3243 2302 3331 Prepositis

646 3359 820 3425 Lubicensi
843 3361 1126 3445 ctW0rmatiensi,
1152 3362 1198 3425 sic
1220 3371 1358 3448 protunc
1381 3359 1525 3424 similiter
1547 3361 1699 3444 invitatis,
1722 3362 1950 3450 strennuisque
1973 3361 2126 3427 militibus
2137 3362 2300 3428 Absalonc

645 3481 750 3565 Petri,
782 3478 935 3564 Heningo
958 3479 1226 3564 Konvngsmark,
1260 3487 1293 3543 et
1322 3479 1467 3565 sapiente
1495 3479 1565 3543 viro
1587 3479 1737 3545 Johanne
1760 3478 1878 3564 Hbier,
1914 3488 1948 3544 et
1969 3480 2212 3568 quampluribus
2235 3479 2302 3546 aliis

648 3597 845 3664 notabilibus
868 3599 945 3661 viris
968 3595 1011 3662 ad
1031 3599 1191 3684 premissa
1212 3600 1336 3663 vocatis
1360 3597 1544 3684 specialiter
1567 3608 1599 3662 et
1619 3599 1754 3684 rogatis.

796 3715 842 3781 Et
867 3737 927 3780 nos
952 3715 1029 3780 Otto
1053 3715 1272 3801 Tedinghwse
1296 3715 1420 3781 Cantor
1446 3724 1612 3801 totumque
1643 3714 1827 3803 Capitulum
1849 3718 1951 3804 ipsius
1972 3717 2123 3784 Ecclesia
2151 3719 2302 3786 Hatbers-

648 3835 788 3900 levensis
816 3835 1035 3920 regraciamur
1063 3833 1271 3899 devotissime
1293 3835 1395 3920 Regis
1419 3835 1584 3899 serenitati
1613 3835 1653 3900 de
1675 3833 1792 3920 Regali
1815 3844 1847 3900 et
1868 3834 2094 3901 liberalissimo
2118 3837 2205 3902 dono
2228 3840 2302 3920 eius,

649 3953 854 4019 concorditer
875 3954 1099 4037 assentientes,
1122 3952 1211 4039 qvod
1232 3955 1303 4040 ipsa
1323 3953 1456 4040 Regalis
1479 3953 1638 4018 serenitas
1661 3963 1694 4018 ct
1716 3975 1923 4020 successores
1955 3955 2099 4021 ciusdem
2124 3955 2243 4022 habeat
2272 3965 2302 4020 ct

647 4072 789 4137 babeant
812 4072 868 4158 jus
894 4080 927 4136 et
953 4080 1147 4157 potestatem
1174 4071 1385 4157 presentandi
1412 4093 1509 4137 unam
1535 4093 1709 4158 personam
1731 4071 1774 4136 ad
1795 4094 1894 4138 unum
1917 4073 2152 4140 Canonioatum
2175 4083 2208 4138 et
2229 4075 2304 4139 Pre-

648 4189 789 4254 bendam
815 4189 850 4253 in
877 4187 963 4254 dicta
984 4188 1135 4254 Ecclesia
1156 4188 1438 4275 Hntberslevensi,
1471 4211 1567 4277 qvem
1598 4201 1631 4256 et
1652 4213 1749 4277 qvam
1773 4191 1902 4257 duxerit
1924 4191 2111 4280 eligendum
2132 4204 2165 4260 et
2188 4194 2304 4280 eligen-

649 4307 739 4393 dam,
762 4305 839 4372 dum
867 4316 901 4373 et
929 4307 1059 4395 quando
1087 4310 1289 4393 vacaverint,
1313 4318 1345 4374 et
1372 4310 1565 4374 successivis
1587 4309 1788 4396 temporibus
1810 4313 1929 4376 totiens
1952 4314 2102 4399 qvotiens
2123 4309 2304 4376 huiusmodi

650 4425 868 4492 Canonioatus
891 4435 924 4492 ct
939 4425 1114 4491 Prehenda
1136 4428 1182 4491 sio
1205 4426 1301 4493 electi
1321 4437 1357 4494 ut
1377 4427 1539 4514 prefertur
1562 4429 1758 4512 vacaverint,
1782 4440 1815 4495 et
1831 4397 1920 4517 qvbd
1937 4429 2015 4495 dicti
2033 4429 2252 4496 Canonioatus
2274 4440 2305 4494 et

649 4543 824 4610 Prebenda
851 4545 1052 4611 intitulentur
1080 4555 1113 4611 et
1140 4556 1296 4612 vocentur
1319 4546 1536 4612 Canonicatus
1565 4555 1598 4612 ct
1624 4545 1799 4613 Prebenda
1819 4547 1972 4634 Regales.
2015 4549 2053 4614 In
2081 4571 2218 4636 quorum
2245 4547 2304 4613 cla

648 4665 716 4730 rius
738 4665 955 4729 testimonium
980 4663 1119 4750 sigillum
1142 4667 1244 4730 nostri
1267 4665 1408 4751 Capituli
1429 4663 1636 4754 presentibus
1659 4677 1709 4760 est
1730 4687 1919 4755 appensum.
1963 4668 2084 4733 Datum
2106 4678 2141 4733 ut
2163 4690 2272 4756 supra.

1689 4805 1886 4872 (Apograpbum
1904 4821 1996 4856 recens
2013 4821 2104 4856 manns
2122 4805 2239 4874 ignotae)

632 5136 637 5148 ¹
687 5157 709 5220 ¹)
727 5156 879 5224 Lugendum
897 5158 1080 5209 canonicatum
1231 5155 1256 5224 ⁹)
1274 5158 1445 5210 omum.
1599 5159 1622 5224 ¹)
1641 5175 1762 5210 numerus
1779 5175 1831 5210 non
1849 5165 1934 5250 existat
1950 5161 1977 5210 in
1994 5159 2156 5228 apographo.
