5242 6414
1113 683 1156 750 23

256 907 289 948 aa.
308 885 349 950 de
373 886 440 949 suis
460 884 556 950 terris
577 885 717 972 propriis
738 885 833 968 regia
852 885 924 950 iura
945 884 1081 952 soluant.
1113 885 1202 952 Jtem
1223 908 1288 950 non
1311 885 1409 951 debet
1430 906 1492 950 rex
1512 885 1546 950 in
1566 885 1667 950 fundo
1687 885 1795 952 'alieno
1812 886 1965 953 edificare

312 1013 422 1092 preter
445 1025 639 1068 consensum
661 1013 695 1068 ct
714 1000 912 1068 voluntatem
939 1005 1137 1090 possessoris
1166 1015 1199 1070 et
1224 1004 1390 1092 hucusque
1420 1003 1571 1070 edificata
1596 1007 1725 1091 penitus
1749 1004 1964 1072 destruantur.

259 1143 291 1184 ss
309 1123 396 1188 Jtem
417 1120 515 1188 villici
537 1132 570 1188 et
592 1122 699 1187 coloni
720 1143 1009 1210 quorumcumque,
1043 1123 1071 1187 si
1091 1122 1194 1208 bona,
1225 1123 1258 1188 in
1287 1123 1404 1210 quibus
1431 1123 1592 1206 resident,
1624 1121 1757 1188 vlterius
1784 1122 1964 1190 inhabitare

306 1241 483 1325 noluerint,
522 1241 700 1306 secundum
728 1239 821 1324 leges
849 1250 935 1306 terre
964 1240 1101 1306 dominis
1130 1243 1196 1306 suis
1224 1241 1395 1328 predicent
1422 1251 1455 1306 et
1481 1237 1666 1327 resignent,
1706 1242 1904 1308 satisfaciant
1932 1251 1965 1308 et

258 1379 289 1420 aa
306 1358 401 1424 liberi
420 1360 577 1426 recedent
598 1359 776 1425 secundnm
797 1359 889 1444 leges
910 1369 997 1424 terre
1019 1358 1061 1425 ab
1085 1360 1219 1426 ebdom.
1271 1360 1359 1426 Jtem
1388 1358 1542 1425 officiales
1570 1361 1660 1446 regis
1681 1383 1746 1425 non
1769 1359 1890 1427 debant
1911 1361 1966 1426 ali·

258 1499 290 1540 aa
309 1500 405 1565 quem
433 1481 534 1544 citare
563 1476 626 1542 nisi
653 1478 694 1543 ad
720 1479 806 1544 iusta
831 1477 966 1565 placita,
997 1499 1060 1542 nec
1088 1500 1198 1543 coram
1225 1500 1261 1543 se
1290 1478 1474 1543 conuenire.
1537 1479 1626 1545 Jtem
1655 1478 1762 1545 nullus
1785 1478 1884 1544 debet
1905 1502 1965 1566 pro

309 1596 426 1662 delicto
448 1597 556 1684 aliquo
578 1605 699 1661 terram
721 1619 811 1662 snam
833 1597 1029 1679 ammittere,
1061 1597 1124 1660 nisi
1150 1619 1209 1685 pro
1238 1598 1370 1662 crimine
1398 1596 1466 1661 lese
1495 1597 1671 1663 maiestatis
1699 1599 1771 1685 quis
1798 1601 1965 1664 conuictus

306 1715 402 1780 fuerit
422 1737 483 1804 per
504 1715 804 1781 denominacionem
826 1713 943 1780 dictam
967 1714 1113 1780 orthelde
1134 1715 1243 1781 nafnd
1265 1738 1337 1781 cum
1354 1717 1550 1802 juramento,
1572 1726 1711 1802 excepto
1729 1737 1808 1782 casu
1826 1716 1866 1782 de
1885 1717 1966 1783 litte-

256 1857 288 1898 aa
306 1835 351 1898 ris
372 1835 473 1920 regiis
495 1834 660 1922 expedito.
702 1834 791 1899 Jtem
812 1831 917 1896 nullus
940 1832 1026 1920 apud
1049 1832 1197 1918 claustra,
1221 1833 1357 1898 elericos
1379 1833 1434 1898 vel
1455 1833 1556 1898 laicos
1578 1833 1758 1920 hospitetur
1780 1833 1965 1918 indiscrete,

307 1951 366 2017 sed
388 1959 557 2018 contentus
580 1955 621 2018 sit
642 1952 711 2036 hiis,
734 1973 797 2038 que
820 1951 1016 2016 domesticus
1037 1951 1188 2017 habuerit
1217 1960 1250 2017 et
1276 1951 1416 2017 voluerit
1443 1951 1506 2016 sibi
1537 1951 1626 2017 dare.
1670 1955 1698 2016 si
1723 1974 1803 2018 vero
1831 1950 1965 2020 vlterius

306 2075 545 2158 attemptauerit
566 2071 674 2158 aliqua
694 2069 854 2136 violenter
874 2069 1049 2156 rapiendo,
1081 2069 1217 2135 liberam
1244 2068 1364 2136 habeat
1391 2079 1602 2158 potestatem,
1635 2071 1664 2135 si
1694 2070 1831 2137 clericus
1858 2071 1965 2158 fuerit,

306 2185 499 2254 violenciam
525 2187 706 2255 huiusmodi
728 2210 787 2276 per
809 2209 938 2254 causam
960 2187 1139 2272 herwirke,
1160 2190 1273 2276 rapine
1294 2189 1349 2253 vel
1371 2190 1719 2254 excommunicacionis
1741 2193 1913 2278 prosequi,
1936 2193 1965 2257 si

258 2327 290 2370 ar.
307 2328 386 2371 vero
408 2306 519 2392 laicus,
540 2330 600 2394 per
621 2309 708 2373 viam
730 2307 890 2373 herwirlre
912 2306 967 2370 vel
987 2309 1111 2395 rapine.
1162 2307 1250 2372 Jtem
1271 2317 1308 2374 vt
1328 2317 1526 2374 mercatores
1550 2318 1583 2373 et
1604 2307 1785 2394 burgenses
1807 2310 1840 2374 in
1861 2332 1964 2396 regno

307 2423 410 2488 Dacis
432 2423 613 2491 habitantes
636 2425 738 2492 libere
760 2434 889 2491 utantur
911 2426 978 2490 suis
1000 2426 1188 2490 mercaturis
1211 2425 1335 2514 absque
1358 2427 1519 2515 aliquibus
1546 2426 1788 2514 grauaminihus
1812 2436 1845 2493 et
1866 2429 1966 2494 thelo-

307 2543 369 2607 niis
391 2545 482 2609 nouis
503 2545 717 2631 imponendis,
737 2554 769 2610 et
788 2543 912 2631 absque
931 2565 1132 2632 quacumque
1155 2555 1254 2634 quota
1275 2547 1555 2612 mercimoniorum
1578 2567 1708 2610 suorum
1731 2547 1851 2612 ducant
1873 2555 1966 2612 extra

307 2683 443 2747 regnum
471 2685 534 2749 que
563 2663 736 2728 vendenda
765 2662 935 2728 habuerint
968 2660 1022 2726 vel
1057 2663 1210 2749 emenda,
1242 2667 1303 2730 nisi
1339 2687 1381 2730 ex
1414 2663 1604 2729 racionabili
1637 2685 1736 2729 causa
1763 2673 1796 2729 et
1826 2675 1964 2751 vrgente

307 2783 501 2846 necessitate
523 2804 585 2846 rex
606 2780 647 2846 de
671 2783 831 2846 communi
853 2803 1014 2847 consensu
1036 2779 1203 2847 meliorum
1229 2805 1326 2871 super
1355 2781 1515 2870 aliquibus
1543 2804 1608 2847 non
1631 2781 1830 2848 deducendis
1852 2783 1966 2849 inhibi-

258 2899 433 2968 racionem
456 2899 586 2965 duxerit
606 2899 797 2965 faciendam.
851 2899 938 2965 Jtem
963 2898 1135 2964 bundones
1162 2923 1228 2966 non
1257 2913 1435 2988 grauentur
1460 2925 1521 2991 per
1542 2901 1719 2968 aduocatos
1741 2904 1830 2988 regis
1852 2913 1965 2968 contra

258 3017 398 3103 alogas
420 3028 453 3084 et
473 3021 544 3083 iura
565 3029 662 3084 terre.
726 3020 814 3086 Jtem
843 3017 987 3106 quolibet
1013 3039 1098 3083 anno
1122 3017 1173 3083 die
1196 3019 1283 3084 beati
1305 3020 1462 3086 Johannis
1484 3020 1623 3109 baptiste
1646 3021 1678 3084 in
1699 3018 1859 3106 Nyburgh
1882 3021 1964 3087 cele-

306 3135 418 3202 bretur
443 3137 678 3224 parlamentum
705 3139 882 3221 Danorum,
910 3145 1006 3224 prout
1027 3137 1201 3223 antiquitus
1224 3148 1274 3204 est
1301 3149 1501 3204 consuetum.
1542 3139 1570 3203 si
1597 3147 1705 3202 autem
1732 3139 1838 3225 ipsum
1860 3138 1963 3225 perla-

306 3262 448 3320 mentum
469 3254 585 3342 aliquis
606 3257 737 3321 visitare
760 3255 906 3339 voluerit,
928 3277 1028 3339 mera,
1048 3255 1196 3343 perfecta
1216 3266 1249 3322 ct
1270 3259 1399 3343 integra
1420 3258 1592 3322 securitate
1614 3255 1656 3320 ad
1675 3254 1870 3343 quindenam
1887 3266 1963 3322 ante

307 3381 340 3437 et
363 3373 405 3438 ad
427 3372 621 3461 quindenam
642 3384 717 3461 post
739 3374 860 3437 dictum
882 3373 967 3438 diem
998 3373 1141 3460 plenarie
1167 3374 1365 3460 perfruatur,
1398 3399 1462 3463 que
1492 3375 1623 3462 quidem
1651 3375 1807 3440 securitas
1832 3375 1964 3460 infringi

303 3512 370 3556 non
393 3492 513 3558 debeat
532 3513 593 3579 per
614 3514 849 3580 quoscumque,
873 3503 906 3558 et
927 3493 955 3556 si
977 3494 1049 3580 quis
1070 3495 1173 3580 ipsam
1195 3495 1401 3560 securitatem
1423 3493 1605 3581 aliqualiter
1626 3492 1804 3578 infregerit,
1826 3515 1866 3558 eo
1888 3495 1960 3581 ipso

304 3633 421 3697 penam
443 3611 560 3677 dictam
583 3610 801 3678 orbodaemaal
825 3633 860 3677 se
882 3611 1032 3677 nouitcr¹
1054 3611 1265 3676 incursurum.
1300 3614 1327 3676 si
1349 3614 1420 3700 quis
1442 3633 1521 3678 vero
1544 3613 1648 3698 ipsam
1670 3631 1787 3698 penam
1816 3610 1963 3677 orbodae·

304 3729 388 3794 maal
398 3730 570 3796 incurrerit
581 3731 737 3816 legittime
756 3730 931 3814 conuictus,
953 3750 1012 3818 per
1031 3729 1195 3794 dominum
1212 3752 1335 3816 regem,
1357 3721 1534 3795 aduocatos
1557 3738 1591 3794 et
1612 3729 1766 3794 officiales
1784 3729 1963 3796 secundum

255 3873 287 3914 so
304 3845 395 3931 leges
417 3857 504 3913 terre
527 3847 636 3914 debito
658 3851 817 3936 puniatur.
850 3848 937 3914 Jtem
959 3847 1065 3913 nullus
1088 3849 1204 3913 citetur
1226 3859 1320 3915 extra
1340 3851 1511 3914 terminum
1534 3870 1591 3912 sue
1614 3847 1744 3912 haeraeth
1765 3869 1826 3936 per
1847 3870 1962 3935 regern

256 3992 288 4034 n.
305 3965 359 4028 vel
387 3966 541 4032 officiales
569 3989 655 4034 suos.
708 3967 796 4032 Jtem
817 3966 938 4050 nullus,
961 3967 1193 4055 cuiuscumque
1216 3975 1317 4033 status
1344 3977 1400 4032 aut
1427 3966 1625 4031 condicionis
1655 3967 1788 4050 existat,
1821 3966 1961 4056 aliquem

306 4082 457 4148 clericum
479 4086 532 4150 vel
553 4084 668 4152 laicum
690 4087 876 4151 inferiorem
899 4106 934 4149 se
957 4084 1011 4149 vel
1032 4087 1139 4150 miuus
1160 4095 1327 4173 potentem
1351 4087 1527 4173 supprimat
1554 4085 1609 4151 vel
1631 4085 1803 4173 compellat
1825 4086 1868 4152 ad
1889 4086 1961 4171 hoo,

305 4201 393 4289 quod
414 4205 464 4268 ius
486 4225 578 4270 suum
600 4206 633 4270 in
654 4204 780 4292 placitis
801 4204 855 4271 vel
872 4203 1004 4292 judiciis
1027 4204 1183 4290 prosequi
1203 4225 1268 4268 non
1290 4203 1413 4289 valam,
1435 4213 1469 4269 et
1491 4205 1519 4268 si
1539 4203 1602 4270 hoc
1624 4214 1738 4270 contra
1765 4225 1838 4269 eum
1859 4205 1962 4270 racio-

269 4315 272 4322 ’
304 4320 452 4388 nobiliter
482 4323 632 4388 edoctum
660 4332 693 4389 et
720 4321 891 4409 probatum
917 4322 1029 4406 fuerit,
1061 4321 1140 4388 illud
1168 4343 1227 4408 pro
1255 4343 1319 4410 quo
1347 4324 1453 4408 agitur
1479 4323 1583 4408 primo
1614 4322 1748 4410 perdat,
1787 4332 1820 4386 et
1845 4331 1961 4408 postea

305 4438 434 4505 domino
454 4444 544 4527 regi,
566 4443 593 4508 si
614 4442 715 4509 laicus
737 4442 850 4525 fuerit,
873 4455 905 4507 et
928 4442 1098 4528 episcopo,
1128 4443 1155 4506 si
1178 4442 1330 4526 clericus,
1358 4453 1523 4529 tamquam
1543 4443 1578 4506 in
1599 4441 1656 4506 lite
1678 4439 1828 4526 legaliter
1849 4462 1961 4505 succu-

255 4567 286 4608 Ἀ
303 4540 442 4640 buisset,¹
475 4561 652 4626 secundum
673 4560 783 4646 legum
805 4561 1008 4646 exigenciam
1031 4559 1226 4626 emendabit.
1279 4560 1368 4626 Jtem
1394 4561 1423 4624 si
1450 4561 1522 4648 quis
1548 4561 1696 4626 iniuriam
1724 4581 1745 4624 a
1765 4581 1860 4645 rege,
1893 4561 1960 4624 suis

303 4674 470 4742 aduocatis
491 4679 546 4744 vel
568 4679 758 4744 officialibus
779 4701 895 4766 passus
916 4679 1022 4763 fuerit,
1044 4678 1131 4766 quod
1157 4678 1252 4763 absit,
1281 4689 1314 4743 et
1336 4679 1363 4743 si
1384 4677 1446 4743 hoc
1467 4679 1552 4743 iuste
1575 4687 1771 4766 conquestus
1794 4689 1827 4742 et
1847 4699 1959 4764 prose·

303 4803 399 4882 qutns
414 4796 520 4882 fuerit,
542 4819 563 4862 a
582 4798 729 4885 predicto
751 4819 831 4885 rege
853 4796 906 4863 vel
929 4797 994 4862 suis
1015 4803 1150 4884 propter
1171 4795 1233 4862 hoc
1255 4796 1374 4862 nullam
1397 4797 1573 4863 vindictam
1595 4796 1650 4862 vel
1672 4795 1780 4860 odium
1801 4797 1957 4884 paciatur.

254 4939 285 4982 aa
304 4911 391 4980 Jtem
413 4917 606 5003 quicumque
627 4917 768 5004 aliquem
790 4915 900 4982 verbis
927 4913 1020 4982 malis
1049 4923 1083 4980 et
1111 4914 1365 5000 contumeliosis,
1399 4937 1462 5003 que
1492 4915 1623 5000 maning
1651 4913 1815 4998 dicuntur,
1849 4935 1959 4979 coram

301 5055 382 5121 rege
409 5033 465 5100 vel
491 5037 525 5100 in
553 5037 641 5101 ouria
662 5057 729 5120 sua,
752 5057 862 5100 coram
888 5035 1042 5122 episcopo
1076 5035 1163 5100 etin
1186 5034 1276 5099 curia
1297 5055 1365 5116 sua,
1388 5055 1447 5100 scu
1470 5055 1580 5099 coram
1604 5033 1752 5121 dapifero
1774 5033 1809 5119 jn
1825 5030 1959 5119 judiciis

369 5286 457 5342 ¹Sic
474 5292 577 5358 Lapsus
595 5291 688 5342 calami
704 5307 752 5358 pro
771 5291 878 5357 maurit.
