5032 6418
1815 701 1854 768 51

234 925 333 990 quam
356 923 442 966 nunc
461 901 623 988 jnbabitat
646 902 794 968 dominus
816 903 959 970 Jacobus
981 904 1139 970 Johannis
1162 905 1307 970 eiusdem
1330 904 1489 970 destincte
1516 903 1685 991 prebende
1714 906 1898 988 canonicus,

233 1042 350 1085 verum
372 1019 461 1107 quod
484 1041 556 1085 eam
579 1031 665 1086 emat
686 1043 706 1085 a
728 1021 868 1108 capitulo
898 1022 1013 1088 decem
1040 1024 1157 1088 marcis
1185 1023 1406 1088 lubicensibus
1433 1045 1492 1110 pro
1520 1025 1679 1089 memoria
1706 1026 1755 1088 sui
1783 1023 1899 1111 prede-

234 1139 377 1204 cessoris
400 1140 639 1234 conucrtendip.
679 1141 751 1222 Qus
775 1141 906 1229 quidem
935 1143 1054 1229 emptio
1078 1151 1112 1206 et
1132 1163 1192 1229 pro
1214 1143 1371 1208 memoria
1392 1143 1441 1206 sui
1463 1141 1706 1228 predecessoris
1728 1143 1898 1207 conuersis

234 1258 294 1324 fiat
314 1279 374 1345 pro
398 1257 534 1342 singulis
556 1258 628 1345 alijs
651 1261 747 1324 curiis
770 1259 1010 1326 canonicalibus
1034 1262 1093 1327 sub
1116 1260 1176 1328 hac
1198 1272 1306 1327 tamen
1328 1269 1421 1325 taxa:
1456 1259 1556 1325 Curia
1577 1282 1674 1348 quam
1695 1281 1780 1326 nunc
1805 1259 1900 1346 juba·

239 1377 323 1471 bitat¹
351 1377 508 1462 magister
534 1376 700 1442 lohannes
729 1377 820 1444 wulff
849 1382 1022 1444 canonicus
1052 1379 1322 1445 Hadersleuensis
1351 1399 1389 1443 ac
1419 1381 1603 1466 prepositus
1626 1381 1664 1464 jn
1693 1377 1900 1442 Barchsusell

235 1493 453 1561 Slesuicensis
476 1493 616 1560 diocesis
637 1496 770 1582 triginta
800 1499 935 1580 marcis,
969 1497 1069 1562 Curia
1097 1499 1217 1585 domiuj
1241 1495 1366 1582 Nicolaj
1389 1497 1475 1582 petri
1495 1497 1609 1583 vigintj
1633 1497 1767 1581 marcis,
1801 1496 1900 1560 Curia

236 1613 358 1700 dcminj
383 1612 508 1698 Hinricj
533 1611 609 1678 Clot
630 1615 744 1700 rigintj
778 1617 912 1699 marcis,
947 1615 1047 1681 Curia
1074 1616 1195 1682 domini
1216 1615 1374 1682 Johannis
1401 1614 1580 1702 theodorici
1611 1617 1743 1700 triginta
1774 1615 1899 1697 marcis,

193 1788 196 1794 .
238 1732 339 1797 Curia
361 1732 481 1818 dominj
504 1734 633 1818 martinj
651 1733 740 1819 Ericj
764 1732 878 1798 decem
901 1737 1037 1820 marcis3
1059 1734 1286 1822 quamquidem
1309 1743 1514 1822 pretaxatam
1535 1734 1721 1820 pecuniarie
1744 1754 1901 1797 summam

232 1851 270 1937 jn
292 1851 451 1937 promptis
474 1851 637 1937 pecuniis,
670 1854 857 1940 priusquam
881 1855 1002 1918 curiam
1026 1863 1196 1919 vacantem
1226 1855 1450 1940 occupauerit,
1479 1853 1611 1939 jntegre
1640 1851 1745 1916 soluat
1773 1861 1805 1916 et
1834 1851 1901 1936 qui-

236 1990 377 2054 cumque
400 1970 576 2034 canonicus
598 1991 696 2034 unam
719 1992 762 2035 ex
783 1971 938 2058 predictis
961 1974 1059 2058 curijs
1090 1973 1250 2060 optauerit
1273 1972 1446 2058 jpsiusque
1468 1971 1638 2057 pacificam
1660 1971 1901 2058 possessionem

236 2086 292 2151 vel
315 2087 408 2174 quasi
430 2086 596 2170 habuerit,
630 2097 750 2153 extunc
772 2089 867 2155 aliam
889 2113 1031 2178 unquam
1055 2101 1167 2178 optare
1188 2112 1255 2154 non
1277 2088 1376 2154 debet
1397 2090 1459 2154 nisi
1476 2088 1675 2175 judicialiter
1697 2089 1760 2153 sibi
1781 2087 1903 2152 abiudi·
2014 2137 2017 2150 .

236 2215 312 2272 cata
332 2205 445 2288 luerit,
476 2227 516 2270 eo
547 2207 633 2271 euim
660 2228 737 2272 casu
759 2209 832 2272 vice
862 2211 1011 2295 proxima
1032 2209 1175 2296 gaudeat
1196 2208 1310 2274 ordine
1333 2229 1391 2272 suo
1415 2217 1449 2272 et
1469 2208 1564 2272 aliam
1586 2209 1708 2272 curiam
1730 2217 1806 2271 tunc
1830 2227 1903 2271 cum

234 2326 404 2389 racauerit
431 2329 521 2409 optet
543 2333 577 2390 et
597 2325 773 2411 possideat.
820 2325 908 2392 Casu
938 2329 1039 2393 eciam
1068 2349 1132 2415 quo
1166 2327 1307 2414 aliquem
1340 2327 1568 2390 canonicorum
1597 2334 1670 2390 actu
1699 2326 1821 2390 curiam
1848 2322 1903 2388 ali·

236 2464 333 2531 quam
358 2441 532 2506 habentem
555 2463 591 2506 se
615 2465 635 2507 a
658 2442 745 2508 dicta
767 2444 907 2509 ecclesia
929 2444 1102 2531 collegiata
1123 2445 1367 2511 hadersleuensi
1388 2445 1431 2509 ad
1452 2442 1594 2510 notabile
1618 2444 1757 2530 spatium
1788 2443 1903 2508 abscu-

235 2571 305 2626 tare
328 2561 516 2646 contigerit,
550 2561 589 2626 Js
610 2583 669 2626 sue
692 2564 781 2626 curie
798 2563 930 2649 jnterea
951 2586 1015 2651 quo
1037 2563 1206 2650 prebende
1231 2583 1402 2650 possessor
1424 2571 1569 2645 mancat,
1603 2563 1649 2626 sic
1675 2571 1785 2627 tamen
1814 2561 1903 2648 quod

237 2701 308 2744 eam
331 2677 411 2743 nulli
434 2679 595 2766 sacerdotj
619 2680 674 2745 vel
696 2680 791 2767 laijco
814 2681 874 2746 sub
898 2692 988 2747 certa
1009 2683 1167 2769 pensione
1194 2682 1282 2747 locet
1308 2681 1361 2746 vel
1388 2680 1627 2764 accommodet,
1660 2680 1720 2744 sed
1747 2681 1902 2745 canonico

239 2799 292 2885 quj
317 2807 393 2862 actu
414 2797 563 2880 residens
585 2799 682 2864 fuerit
704 2809 737 2864 et
760 2800 881 2864 curiam
903 2821 969 2865 non
990 2800 1155 2882 habuerit,
1190 2802 1250 2865 sub
1272 2823 1358 2887 pena
1381 2799 1722 2864 excommunicationis
1745 2798 1809 2864 late
1831 2819 1904 2863 seu-

237 2919 338 2982 tentie
369 2925 434 2980 tam
463 2937 528 3002 quo
558 2917 600 2981 ad
630 2921 819 2984 canonicum
848 2917 1009 2984 locantem
1037 2939 1133 3005 quam
1161 2918 1202 2984 ad
1230 2939 1456 3004 quamcunque
1483 2917 1578 2982 aliam
1606 2938 1779 3004 personam
1807 2915 1904 2981 talem

241 3035 364 3100 curiam
395 3043 510 3098 contra
536 3033 719 3101 huiusmodi
746 3037 995 3124 prohibitionem
1017 3046 1250 3124 acceptarrtem.
1293 3035 1380 3102 Jtem
1408 3035 1522 3100 Nullus
1550 3057 1692 3122 unquam
1720 3035 1905 3100 admittatur

240 3153 455 3242 quouismodo
478 3153 522 3218 ad
542 3157 784 3240 possessionem
808 3154 942 3221 alicuius
965 3155 1173 3220 canonicatus
1196 3164 1229 3220 et
1250 3152 1428 3242 prebende,
1450 3155 1512 3218 nisi
1534 3154 1636 3219 solitis
1659 3155 1784 3218 statutis
1806 3153 1904 3217 maio-

239 3295 311 3337 rum
333 3270 575 3360 prebendarum
597 3274 744 3360 cancnicj
768 3273 940 3339 duodecim
961 3273 1113 3356 florenos,
1136 3274 1295 3338 minorum
1312 3293 1391 3336 vero
1415 3293 1476 3337 sex
1497 3273 1639 3338 florenos
1662 3293 1819 3336 renenses
1841 3269 1904 3335 sol-

241 3401 329 3475 uant,
350 3390 464 3477 vicarij
487 3413 569 3455 vero
592 3392 673 3457 duos
694 3391 836 3457 florenos
859 3413 918 3479 pro
941 3391 1101 3457 vinalibus
1120 3390 1248 3457 soluere
1271 3401 1452 3458 teneantur.
1487 3393 1642 3456 Rursus
1660 3389 1736 3477 quia
1756 3399 1902 3475 tempore

242 3507 328 3574 bone
351 3509 508 3573 memorie
532 3509 691 3596 Episcopi
712 3509 838 3597 Nicolaj
861 3533 921 3598 per
942 3509 1196 3598 predecessores
1224 3519 1355 3576 nosnos
1376 3509 1479 3574 felicis
1506 3508 1742 3574 recordationis
1765 3508 1905 3572 Timmo-

242 3649 317 3692 nem
339 3624 523 3692 Smalstede
545 3637 622 3694 tunc
645 3639 809 3694 cantorem
834 3638 867 3693 et
889 3628 1062 3716 capitulum
1085 3629 1223 3694 ecclesie
1250 3637 1361 3694 nostre
1392 3638 1545 3694 statutum
1572 3638 1606 3693 et
1634 3628 1814 3694 ordinatum
1846 3633 1904 3710 est,

243 3745 331 3832 qnod
358 3745 472 3810 vnicus
501 3747 622 3812 domini
643 3748 799 3834 Episcopi
826 3769 886 3834 pro
916 3757 1061 3833 temporo
1093 3747 1307 3813 Slesuicensis
1330 3746 1539 3834 cappellanus
1562 3747 1707 3811 existens
1731 3745 1904 3810 canonicus

244 3862 524 3948 hadersleucnsis,
546 3866 615 3930 siue
637 3865 781 3930 resideat
802 3867 877 3930 siue
891 3866 931 3951 jn
953 3866 1104 3930 continuo
1128 3867 1266 3931 seruicio
1289 3866 1408 3931 domini
1434 3865 1589 3952 Episcopi
1609 3865 1720 3949 fuerit,
1748 3863 1906 3951 percipiat

243 4003 334 4047 suam
356 3992 481 4068 partem
504 3985 742 4050 communitatis
764 4006 803 4049 ac
826 3985 853 4048 si
875 3983 1043 4049 actualiter
1065 3985 1153 4049 circa
1174 3985 1312 4050 eandem
1333 3982 1503 4067 resideret,
1524 3991 1621 4071 prout
1637 3985 1676 4070 jn
1698 3982 1791 4048 litera
1812 3980 1908 4045 desu-

244 4124 302 4188 per
325 4101 475 4166 confecta
496 4100 591 4166 latius
614 4103 810 4182 continetur3
844 4102 929 4183 Quia
956 4112 1063 4167 autem
1092 4101 1134 4168 ab
1157 4101 1317 4190 aliquibus
1340 4101 1505 4167 dubitatur
1525 4101 1579 4166 An
1601 4100 1673 4167 talis
1696 4097 1905 4187 cappellanus

244 4221 390 4284 existens
413 4221 587 4284 canonicus
610 4219 730 4286 debeat
751 4222 840 4308 prius
863 4220 1077 4307 compleuisse
1100 4243 1191 4287 suam
1212 4222 1426 4286 residenciam
1454 4220 1628 4285 duodecim
1656 4219 1906 4305 septimanarum

245 4348 278 4404 et
299 4341 347 4403 sic
370 4361 414 4403 ex
436 4340 648 4425 consequentj
672 4359 746 4404 esse
764 4341 804 4426 jn
824 4337 1000 4404 maioribus
1024 4339 1191 4405 ordinibus
1214 4341 1419 4424 constitutus,
1441 4337 1529 4404 vnde
1552 4347 1732 4425 protectum
1754 4344 1906 4422 punctum

240 4457 279 4544 jn
299 4456 356 4542 talj
379 4455 558 4543 prolixitati
580 4456 698 4523 clarius
727 4457 878 4522 duximus
907 4456 1138 4524 declarandum
1166 4469 1199 4524 et
1226 4457 1459 4546 ampliandum,
1492 4459 1606 4523 Eciam
1635 4463 1795 4544 quatenus
1824 4471 1905 4540 opus
2007 4431 2008 4436 ἵ

247 4577 287 4640 sit
309 4575 351 4640 de
373 4596 460 4640 nouo
484 4575 698 4642 ordinandum
722 4588 754 4643 ct
776 4576 996 4662 statuendum,
1019 4577 1108 4664 quod
1129 4578 1277 4643 dominus
1301 4577 1486 4664 Episcopus
1509 4575 1723 4642 Slesuicensis
1745 4594 1806 4660 pro
1828 4579 1908 4636 tem-

244 4717 323 4782 pore
346 4694 491 4758 existens
518 4704 627 4782 potest
653 4685 756 4782 penes
784 4717 820 4760 sc
852 4706 885 4760 ct
912 4697 945 4760 in
973 4717 1031 4762 suo
1058 4695 1272 4762 familiaritate
1301 4696 1369 4760 siue
1398 4695 1557 4782 obsequio
1584 4693 1706 4758 habere
1735 4713 1833 4758 vnum
1863 4711 1907 4754 ex

245 4814 409 4878 canonicis
431 4812 517 4878 dicte
541 4813 696 4898 ecclesie,
718 4815 787 4880 siue
810 4813 960 4907 habuerit
979 4813 1180 4902 prebendam
1201 4835 1299 4878 unam
1322 4835 1366 4878 ex
1388 4823 1526 4901 quatuor
1547 4811 1742 4896 minoribus,
1771 4812 1840 4875 siue
1863 4831 1907 4874 ex

246 4931 315 4996 aliis
337 4938 411 4996 octo
433 4931 625 5017 maioribus,
659 4934 728 4998 siue
750 4934 839 5021 prius
863 4933 1074 5021 compleuerit
1095 4931 1303 4997 residentiam
1327 4932 1396 4998 siue
1423 4953 1504 5017 non,
1537 4933 1606 4997 siue
1628 4931 1778 4996 fueritin
1801 4928 1902 4994 sacris

249 5049 417 5116 ordinibus
439 5052 629 5116 constitutus
652 5054 721 5117 siue
743 5073 818 5135 non,
841 5061 874 5116 et
894 5053 942 5118 sic
964 5073 1008 5116 ex
1029 5052 1240 5139 consequentj
1264 5073 1324 5116 seu
1344 5051 1442 5116 fuerit
1463 5048 1672 5137 cappellanus
1683 5049 1759 5114 siue
1777 5048 1821 5113 Jn
1843 5048 1905 5114 alio

246 5168 351 5234 officio
386 5167 561 5235 dummodo
594 5169 710 5235 saltem
736 5169 833 5235 fuerit
859 5171 900 5257 ju
927 5171 1064 5236 seruicia
1097 5171 1217 5236 domini
1239 5170 1396 5258 Episcopi
1418 5169 1633 5236 Slesuicensis
1665 5189 1725 5255 pro
1757 5177 1905 5255 tempore

247 5288 432 5371 existentis3
465 5288 509 5352 Et
530 5287 584 5353 ille
607 5289 782 5356 canonicus
803 5289 961 5378 percipiat
984 5309 1074 5354 suam
1095 5299 1220 5376 partem
1249 5288 1483 5354 communitatis
1510 5309 1550 5353 ac
1572 5289 1600 5353 si
1622 5286 1789 5354 actualiter
1818 5288 1905 5352 circa

1682 5403 1718 5458 7*
