5002 6418
561 637 582 704 6

514 846 604 932 ciuilj
628 845 810 910 cumomni
833 842 991 928 libertate,
1014 843 1057 909 ad
1079 844 1294 910 residenciam
1317 849 1545 914 canonicorum
1571 857 1730 936 perpetuo
1760 846 1938 934 possidere.
1982 847 2050 912 Nos
2071 848 2179 934 igitur,

518 965 561 1031 ob
584 962 857 1050 complacenciam
878 959 972 1028 nohis
994 962 1128 1046 iactam,
1149 973 1284 1052 propter
1305 964 1413 1030 Deum
1436 976 1469 1031 et
1497 966 1633 1032 salutem
1662 972 1769 1032 anime
1795 975 1905 1030 nostre
1934 974 1968 1030 et
1994 966 2181 1051 progenito-

518 1106 588 1148 rum
610 1090 811 1164 nostrorum,
832 1079 920 1146 bona
942 1082 1080 1147 ecclesie
1103 1080 1200 1148 beate
1222 1085 1324 1148 marie
1347 1085 1381 1148 in
1402 1083 1579 1150 hadersleff
1599 1094 1632 1150 et
1655 1081 1798 1172 Capituli
1818 1083 1956 1167 ibidem,
1984 1081 2179 1170 ubicumque

515 1203 551 1266 in
571 1211 683 1266 nostro
708 1200 869 1266 territorio
899 1201 974 1283 sita,
1002 1200 1063 1266 sub
1094 1208 1206 1266 nostra
1234 1224 1316 1289 pace
1345 1211 1378 1266 et
1408 1203 1608 1288 protectione
1637 1203 1827 1290 suscipimus
1858 1201 2043 1288 specialiter
2070 1201 2181 1266 defen-

521 1320 646 1403 denda,
670 1318 866 1384 dimittentes
890 1318 976 1384 dicte
1000 1318 1137 1384 ecclesie
1162 1329 1194 1384 et
1219 1319 1359 1408 capitulo
1381 1318 1468 1384 bona
1490 1343 1549 1386 sua
1571 1320 1612 1386 ab
1635 1323 1723 1387 omni
1745 1320 1968 1408 expedicionis
1990 1319 2179 1405 grassamine

519 1439 727 1526 impeticione
751 1439 919 1503 exactoria
940 1435 1132 1502 excessibus
1155 1447 1221 1503 tam
1244 1439 1461 1526 quadraginta
1482 1461 1578 1526 quam
1600 1441 1695 1505 trium
1724 1408 1903 1504 marcarum
1931 1437 1973 1502 de
1999 1436 2120 1502 familia
2145 1439 2181 1500 in

514 1557 584 1620 suis
618 1554 713 1620 bonis
742 1555 959 1620 residentibus
995 1557 1179 1644 ceterisque
1209 1558 1428 1624 solucionibus
1458 1558 1610 1624 oneribus
1639 1567 1671 1624 et
1699 1559 1844 1644 seruicijs
1875 1556 2021 1622 omnibus
2050 1555 2093 1620 ad
2119 1555 2181 1622 Jus

520 1683 664 1740 nostrum
687 1673 910 1761 spectantibus
932 1673 1037 1739 libera
1058 1677 1181 1762 pariter
1203 1685 1236 1742 et
1259 1687 1421 1764 exempta,
1442 1677 1600 1764 precarijs
1621 1699 1701 1742 vero
1723 1678 1810 1762 uel(
1832 1679 1839 1694 '
1849 1679 1864 1761 )
1883 1675 1977 1741 nobis
2000 1698 2019 1739 a
2040 1697 2182 1740 eommu-

518 1795 617 1858 nitate
641 1792 757 1858 dantur
782 1791 880 1857 saluis
902 1792 996 1857 nobis
1020 1803 1053 1859 et
1075 1795 1233 1880 exceptis.
1276 1795 1432 1861 Districte
1454 1819 1516 1884 per
1541 1797 1688 1880 graciam
1715 1807 1858 1860 nostram
1885 1793 2110 1881 prohibentes,
2136 1815 2180 1857 ne

518 1913 590 1999 quis
607 1911 839 1976 aduocatorum
857 1921 1051 1996 nostrorum,
1074 1913 1253 1978 eorundem
1276 1913 1461 1981 officialium
1483 1936 1543 1980 seu
1564 1915 1734 2002 quisquam
1756 1913 1846 1997 alius,
1869 1915 2087 1998 cuiuscunque
2106 1933 2180 1976 con·

521 2029 657 2094 dicionis
677 2041 733 2096 aut
749 2039 850 2095 status
870 2031 998 2115 existat,
1019 2031 1122 2118 ipsam
1146 2031 1318 2097 ecclesiam
1341 2032 1514 2120 capitulum
1536 2031 1688 2098 familiam
1711 2042 1766 2098 aut
1788 2033 1920 2098 colonos
1942 2032 1975 2096 in
1997 2031 2063 2095 suis
2084 2028 2181 2095 bonis

518 2146 703 2213 residentes
726 2157 781 2214 aut
803 2169 916 2213 eorum
937 2147 1090 2213 familiam
1114 2161 1228 2216 contra
1251 2151 1433 2216 huiusmcdi
1462 2150 1620 2216 libertatis
1649 2151 1809 2238 graciam,
1838 2149 1901 2215 sibi
1922 2173 1942 2214 a
1962 2147 2057 2213 nobis
2078 2147 2181 2212 indul·

516 2276 576 2350 tas,
598 2267 779 2353 inquietare
801 2276 967 2354 presumat
988 2268 1041 2333 uel
1065 2269 1184 2336 audeat
1207 2269 1453 2364 (proquomodo,
1481 2270 1575 2334 sicuti
1597 2270 1757 2334 ulcionem
1778 2279 1921 2334 nostram
1944 2267 2095 2332 duxerint
2116 2267 2184 2330 eni-

515 2383 648 2449 tandam
671 2395 732 2450 etc.

691 2541 818 2608 (Regesta
836 2541 976 2592 Christiani
993 2543 1076 2608 primi,
1100 2543 1145 2593 ubi
1163 2543 1189 2593 in
1207 2543 1288 2596 literis
1307 2545 1377 2611 regis
1397 2544 1428 2594 de
1447 2544 1610 2594 libertatibus
1629 2543 1734 2610 capituli
1752 2543 1794 2592 hse
1813 2543 1895 2592 literoe
1914 2543 2017 2592 insertae
2036 2541 2114 2600 sunt.)

1332 2812 1365 2867 b.

982 2944 1170 3034 Mogeslct‘fte
1184 2909 1318 3014 'imaum
1343 2945 1476 3032 Captae
1496 2969 1533 3033 op
1553 2945 1616 3011 Joa
1638 2945 1725 3010 Ls'lla

1866 3067 1940 3130 isos,
1958 3067 1991 3115 aa
2010 3063 2111 3131 Septbr.

1121 3135 1227 3220 Super
1249 3133 1335 3198 bono
1358 3133 1450 3199 Petri
1471 3134 1586 3218 Dragi.

667 3247 750 3314 Jech
772 3249 859 3314 Joon
885 3249 967 3314 Lille
990 3251 1123 3317 riddber
1144 3251 1265 3318 hielser
1287 3273 1327 3316 oo
1348 3251 1478 3337 kungiir
1498 3251 1567 3317 thet
1588 3249 1651 3316 alle
1673 3271 1748 3314 men
1770 3221 1889 3315 thanne
1912 3249 2002 3314 ecrift
2023 3271 2079 3314 see
2102 3247 2183 3313 eller

517 3367 597 3433 hire
620 3366 708 3451 lesse,
730 3369 785 3434 ath
802 3369 881 3455 jeeh
902 3368 1018 3434 wither
1038 3368 1167 3456 kynner
1188 3370 1282 3435 mech
1306 3392 1345 3436 oe
1366 3393 1463 3456 myne
1486 3369 1590 3434 retthe
1614 3367 1796 3453 erwinghe,
1818 3367 1873 3433 ath
1894 3366 1968 3453 jech
1990 3367 2090 3432 bauer
2112 3377 2183 3432 vnt-

517 3486 636 3570 fouget
658 3485 705 3550 aff
724 3485 929 3573 Hedherligh
952 3487 1068 3552 Herrae
1092 3487 1215 3553 Cantor
1238 3511 1276 3553 oc
1299 3489 1346 3553 aff
1366 3487 1527 3576 Capittele
1549 3489 1560 3552 i
1583 3487 1769 3553 Haderslaef
1788 3485 1851 3551 alle
1874 3485 1973 3550 theris
2000 3485 2098 3570 gotha
2126 3484 2181 3550 the

518 3601 610 3667 hawe
640 3605 652 3667 i
679 3603 863 3670 Vxenwath
898 3605 1022 3691 soghen
1052 3606 1086 3670 til
1114 3606 1288 3692 mageskift
1314 3606 1366 3671 for
1394 3618 1484 3693 mynt
1510 3606 1607 3692 gotha
1636 3605 1709 3671 ther
1736 3604 1844 3692 ligger
1871 3605 1882 3670 i
1908 3602 2081 3690 Wilstorp,
2115 3614 2183 3669 met
2271 3577 2282 3595 ⁸

517 3743 586 3785 swo
617 3720 695 3786 dant
722 3721 852 3806 wilkor,
882 3723 935 3788 ath
962 3724 1141 3789 forscrelnc
1165 3723 1306 3810 Oapittel
1333 3726 1400 3792 iX
1427 3747 1484 3790 aar
1510 3724 1597 3790 hare
1624 3733 1698 3790 nest
1724 3725 1834 3807 effter,
1862 3722 1965 3787 hwert
1992 3743 2049 3786 aar
2075 3722 2181 3788 skulle

518 3837 651 3926 vpbaere
673 3839 737 3904 llll
758 3850 827 3905 orte
849 3841 934 3906 korn
956 3841 1003 3905 aff
1019 3842 1198 3908 torserefne
1221 3855 1313 3930 mynt
1333 3835 1447 3930 goth'z,
1477 3865 1515 3908 oc
1537 3866 1597 3909 nar
1618 3843 1673 3908 the
1695 3843 1729 3908 X
1750 3863 1808 3908 aar
1830 3862 1885 3906 ere
1910 3863 2016 3906 vmme
2039 3840 2181 3924 kumme,

518 3957 576 4023 tha
596 3957 667 4022 skal
696 3957 875 4024 forscrefne
900 3959 1040 4048 Capittel
1065 3960 1196 4048 brugge
1226 3971 1295 4048 myt
1322 3963 1420 4048 gotha
1448 3962 1626 4028 forscrefne
1656 3960 1779 4027 aldeles
1809 3960 1861 4026 frii
1889 3960 1950 4024 och
1978 3959 2083 4046 qwiit,
2112 3981 2181 4024 swo

520 4075 640 4161 lenghe
662 4075 708 4140 tel
729 4077 782 4141 the
804 4078 904 4164 longe
926 4078 1026 4143 theris
1049 4079 1149 4165 eghet
1169 4079 1268 4165 gotha
1291 4081 1343 4145 frii
1363 4081 1479 4168 ighen,
1508 4104 1547 4148 oc
1564 4082 1643 4170 Jech
1665 4079 1755 4145 elder
1776 4101 1874 4166 myne
1898 4076 2062 4163 erwinghe
2086 4076 2181 4142 skale

519 4194 668 4280 kungiire
696 4193 782 4259 them
810 4195 879 4262 thet
906 4205 949 4262 tw
976 4219 1033 4262 aar
1060 4197 1106 4262 tel
1133 4197 1224 4264 forne
1257 4199 1316 4264 och
1346 4199 1488 4288 Capittel
1517 4200 1615 4286 mogh
1643 4199 1750 4264 thesse
1779 4197 1894 4283 lighes.
1946 4195 1982 4262 In
2012 4197 2102 4260 cuius
2132 4197 2182 4260 rei

517 4314 733 4378 testimonium
756 4313 894 4399 sigillum
916 4338 1023 4380 meum
1044 4316 1249 4403 presentibus
1273 4327 1322 4382 est
1343 4341 1531 4407 appensum.
1571 4319 1692 4384 Datum
1704 4317 1800 4382 Anno
1812 4315 1856 4380 M.
1871 4313 2000 4380 0000.
2013 4314 2086 4380 1111.
2108 4315 2181 4400 ipso

519 4431 572 4496 die
595 4431 682 4496 beati
703 4431 870 4497 Michaelis
893 4433 1099 4521 Archangeli.
1871 4453 1995 4520 (Registr.
2014 4451 2110 4518 Capit)

1334 4693 1362 4746 6.

640 4821 754 4888 Lr'teroe
774 4823 915 4889 Elr'sobet
937 4823 1077 4908 ducisse,
1099 4827 1210 4911 quadras
1232 4827 1364 4912 copr'tulo
1385 4827 1641 4893 Hadersleoieasi
1658 4825 1815 4890 semaam
1841 4825 1924 4912 Osby
1946 4822 2050 4888 docet.

1893 4982 1968 5044 1410,
1987 4981 2019 5030 ss
2037 4977 2110 5044 nsjt.

519 5110 601 5175 Item
624 5132 707 5176 enen
729 5111 817 5177 breff
835 5135 985 5199 gegeuen
1007 5115 1100 5180 deme
1125 5115 1290 5202 Oappittel
1318 5115 1404 5181 vnde
1427 5116 1486 5182 der
1508 5115 1635 5181 herken
1656 5123 1690 5179 to
1712 5113 1905 5180 hadersleue
1928 5111 2069 5178 ludenda
2091 5131 2180 5198 vppe

523 5245 607 5292 enen
628 5228 762 5318 kerspel
786 5231 913 5296 herken
934 5233 1200 5319 genometEsbti,
1224 5233 1264 5299 de
1287 5246 1320 5301 to
1344 5236 1469 5320 ewigen
1491 5234 1593 5322 tyden
1614 5232 1660 5320 by
1683 5232 1743 5299 der
1763 5230 2030 5298 sorbenomeden
2052 5228 2179 5294 kerken
