5002 6418
648 723 691 791 38

1412 927 1463 985 87.

687 1062 861 1130 Hndcrska
886 1061 1023 1148 Ocpt'tels
1045 1060 1160 1126 Revera
1182 1061 1361 1150 anpaaerda
1380 1085 1419 1126 aa
1440 1063 1480 1128 a]
1498 1086 1613 1128 samma
1633 1062 1821 1150 overdropen
1845 1061 1960 1129 Cccrd
1978 1063 1995 1128 i
2013 1061 2200 1130 Hcdcrclcu.

2014 1219 2090 1284 1464,
2107 1220 2123 1270 s
2141 1219 2206 1270 uas

757 1351 832 1418 Alle
854 1373 930 1416 men
951 1350 1053 1416 thette
1074 1348 1183 1416 breeff
1202 1371 1261 1417 aee
1285 1352 1366 1417 eller
1388 1351 1468 1416 hdre
1490 1350 1585 1417 laesas
1607 1351 1698 1416 halae
1720 1374 1773 1439 wy
1787 1350 1910 1416 Cantor
1931 1371 1971 1416 oc
1993 1361 2111 1438 gantae
2131 1351 2280 1440 Capittel

606 1472 708 1536 iwor
729 1469 831 1534 fruwe
853 1469 957 1534 Kirke
980 1470 991 1532 i
1012 1467 1204 1537 Hadersleli
1223 1467 1419 1556 ewinneligh
1446 1479 1513 1534 met
1541 1469 1646 1555 gudh,
1681 1491 1720 1535 oc
1749 1469 1875 1534 kennes
1902 1470 1913 1533 i
1940 1468 2042 1536 thette
2070 1480 2153 1535 wort
2180 1471 2279 1556 breff,

607 1589 662 1656 ath
684 1611 737 1675 wy
760 1609 816 1653 ere
839 1611 897 1654 saa
919 1609 1008 1653 ower
1030 1609 1100 1652 ense
1122 1587 1261 1652 worthet
1282 1596 1350 1654 met
1371 1588 1461 1654 Here
1484 1589 1602 1654 Mathis
1626 1587 1824 1674 Tyggesson
1845 1606 1914 1652 wor
1935 1586 2185 1674 methbrodher‚
2219 1589 2278 1655 ath

606 1731 661 1796 wy
683 1703 787 1772 skulle
810 1731 863 1772 nw
884 1705 940 1771 ath
961 1705 1082 1793 pasche
1104 1715 1178 1770 nest
1205 1705 1438 1772 tilkommende
1469 1729 1583 1771 anama
1605 1708 1617 1771 i
1638 1728 1727 1772 wore
1755 1727 1851 1772 waere
1873 1707 1951 1772 then
1973 1704 2087 1792 gardh,
2113 1728 2183 1772 som
2206 1709 2278 1774 Ma-

606 1825 669 1892 this
681 1825 786 1912 begar
807 1846 858 1890 nw
881 1825 892 1888 i
914 1823 1006 1907 boor,
1024 1831 1117 1892 dsten
1135 1823 1207 1889 fraa
1224 1825 1395 1890 fornefnde
1408 1845 1476 1889 wor
1493 1826 1594 1890 fruwe
1611 1825 1707 1890 kirlre
1724 1824 1944 1908 iHaderslaff‚
1967 1825 2053 1890 metlr
2075 1825 2144 1891 fuld
2164 1827 2278 1892 macht

607 1943 796 2010 wordnethe
817 1945 831 2008 i
853 1965 892 2011 oc
914 1943 961 2007 aff
980 1942 1034 2006 ath
1056 1952 1139 2007 sette
1163 1942 1256 2009 effter
1277 1943 1356 2008 then
1377 1942 1475 2027 tiidh‚
1509 1965 1548 2008 oc
1577 1942 1660 2030 leym
1689 1965 1729 2009 oc
1755 1943 1870 2009 renthe
1899 1965 1965 2030 vpp
1993 1943 2047 2008 ath
2074 1943 2178 2028 baare,
2213 1944 2276 2009 och

607 2063 712 2130 slrulle
735 2086 788 2150 wy
810 2085 849 2129 oc
879 2083 967 2126 wore
996 2061 1258 2130 effterkommere
1290 2059 1405 2126 effther
1433 2061 1510 2126 then
1540 2062 1635 2148 tydh,
1670 2062 1821 2128 emethen
1848 2062 2020 2129 fornefnde
2048 2062 2118 2128 Her
2141 2063 2277 2129 Matthia

606 2182 723 2267 lewer,
756 2182 864 2268 giffwe
892 2181 1034 2246 hennum
1061 2181 1165 2246 hwart
1192 2203 1249 2245 aar
1277 2180 1375 2245 innan
1405 2179 1537 2246 ottende
1568 2180 1655 2269 dagh
1682 2181 1776 2246 effter
1798 2189 1908 2246 sancte
1932 2181 2077 2246 Martens
2100 2180 2187 2266 dagh
2210 2191 2276 2246 two

607 2299 725 2366 lubske
754 2299 849 2366 mark
875 2299 910 2364 til
936 2299 1021 2384 leyae
1051 2299 1098 2364 aff
1120 2297 1293 2364 fornefnde
1321 2297 1429 2384 gardb
1460 2299 1548 2364 meth
1581 2321 1662 2386 ayne
1695 2298 1880 2384 tilhdringh.
1930 2298 1981 2366 Oc
2007 2321 2076 2364 nar
2102 2298 2276 2364 fornefnde

607 2419 678 2485 Her
705 2419 814 2486 Mattis
844 2418 1042 2505 Tyggesson
1070 2441 1115 2484 aer
1143 2417 1245 2502 dodh,
1279 2416 1335 2482 tha
1361 2417 1451 2482 schal
1478 2416 1649 2484 fomefnde
1676 2418 1782 2506 gardh
1808 2428 1878 2486 met
1902 2440 1982 2504 syna
2015 2415 2192 2502 tilhdringh
2222 2418 2277 2504 sry

609 2559 649 2603 oo
671 2539 760 2626 qwiit
780 2536 910 2600 komme
933 2535 982 2601 till
1005 2557 1059 2600 oss
1083 2558 1123 2600 oc
1145 2557 1233 2600 wore
1257 2535 1519 2601 effterlrommere
1542 2535 1579 2601 til
1600 2537 1655 2601 ath
1676 2535 1861 2623 vppeholde
1888 2535 1996 2622 gudhz
2024 2535 2175 2602 thieniste
2198 2545 2276 2620 met,

609 2656 702 2722 effter
729 2654 784 2720 the
812 2654 955 2720 breffucs
984 2653 1129 2738 ludelse‚
1161 2674 1232 2718 som
1262 2675 1314 2718 oss
1343 2674 1407 2739 paa
1434 2653 1605 2720 fornefnde
1635 2655 1706 2719 Her
1728 2651 1893 2719 Mattisses
1922 2675 2037 2740 wegne
2060 2653 2275 2720 anthwcrthet

609 2796 673 2840 aere
696 2795 761 2861 paa
781 2773 951 2838 fornefnde
973 2772 1087 2859 gardh.
1132 2771 1170 2837 In
1192 2773 1284 2838 cuius
1306 2773 1355 2836 rei
1376 2771 1579 2839 euidenciam
1602 2783 1637 2838 et
1656 2772 1757 2837 robur
1777 2769 1918 2858 sigillum
1941 2771 2083 2859 Capituli
2104 2773 2275 2838 memorati

607 2893 814 2980 presentibus
843 2891 976 2957 inferius
1004 2901 1055 2956 est
1084 2911 1273 2978 appensum.
1328 2891 1451 2959 Datum
1484 2891 1581 2956 Anno
1610 2891 1743 2957 Domini
1771 2891 1816 2956 Μ.
1830 2891 1902 2956 CD.
1915 2889 2041 2956 LXllll
2066 2891 2100 2956 in
2126 2892 2274 2978 profesto

607 3009 696 3076 beati
717 3010 877 3076 Johannis
898 3010 1040 3098 apostoli
1061 3019 1136 3074 ante
1158 3019 1285 3096 portam
1307 3009 1450 3074 latinam.
1897 3029 2021 3098 fflcgisn.
2040 3029 2137 3096 eupit)

1414 3364 1468 3422 ⁸8.

586 3527 589 3540 ·
651 3499 765 3565 Ia'toroe
790 3500 932 3587 Capituli
949 3500 987 3566 de
1007 3501 1171 3583 marnom’is,
1189 3523 1250 3587 pro
1271 3500 1441 3566 Laurastio
1462 3500 1595 3568 Nr'oolai
1611 3513 1727 3565 rectora
1748 3500 1882 3568 eoelestia
1904 3501 1995 3567 Hes'ls
2017 3497 2226 3566 iastiuaenda's.

1967 3657 2045 3720 1464,
2063 3657 2097 3706 28
2115 3655 2207 3707 Ostbr.

702 3789 807 3877 Copia
828 3789 920 3854 litere
942 3788 1018 3853 date
1040 3788 1181 3853 Domino
1203 3787 1385 3852 Laurencio
1407 3787 1533 3853 Nicolai
1554 3789 1701 3853 Mariano
1725 3811 1824 3876 snper
1844 3789 2001 3856 memoria
2021 3790 2122 3876 ipsius
2144 3797 2178 3854 et

1276 3915 1447 3993 parentum
1469 3928 1611 3972 suorum.

760 4023 829 4090 Nos
852 4025 1053 4112 Tymotbeus
1076 4025 1259 4092 Smslstedc
1290 4025 1413 4092 Cantor
1439 4035 1606 4113 totumque
1637 4025 1811 4113 capitulum
1841 4025 2013 4113 collegiata
2042 4024 2180 4091 ecclesie
2207 4025 2274 4090 Ha

611 4141 829 4210 dersleuensis
851 4141 980 4230 publice
1002 4145 1268 4230 recognoscimus
1290 4166 1351 4231 per
1372 4153 1558 4232 presentes,
1592 4146 1681 4230 quod
1708 4166 1768 4217 nos
1797 4145 1857 4210 sub
1888 4145 1940 4211 die
1970 4145 2045 4211 date
2067 4142 2272 4231 presencium

610 4261 830 4348 capitulariter
851 4263 1042 4348 congregati
1064 4263 1246 4350 recepimus
1270 4272 1303 4328 et
1324 4261 1565 4328 subleuauimus
1595 4263 1629 4326 in
1656 4259 1743 4328 bona
1771 4273 1804 4328 et
1825 4263 1936 4328 datius
1954 4271 2088 4328 moneta
2109 4261 2151 4327 ab
2173 4261 2273 4326 hono·

610 4378 704 4445 rabili
725 4381 796 4446 viro
818 4382 959 4445 Domino
981 4381 1162 4446 Laurencio
1184 4379 1331 4465 Nicolai,
1361 4381 1501 4446 Rectoro
1529 4380 1723 4469 parochialis
1747 4381 1884 4446 ecclesie
1908 4381 2076 4467 Hoghelse
2098 4402 2137 4445 ac
2158 4400 2273 4467 perpe·

610 4508 666 4564 tuo
687 4499 809 4564 vicario
831 4499 865 4564 in
889 4499 1024 4587 Capella
1045 4499 1264 4576 Marianorum
1292 4509 1402 4566 nostre
1431 4498 1585 4584 ecclesie,
1614 4501 1747 4585 triginta
1766 4521 1893 4565 marcas
1916 4491 2109 4565 lubecenses
2136 4499 2170 4562 in
2192 4517 2272 4562 auro

611 4625 644 4682 et
666 4639 783 4702 grossa
804 4594 944 4684 moneta.
989 4617 1079 4699 Quas
1100 4619 1233 4704 triginta
1254 4641 1381 4684 marcas
1402 4618 1489 4684 idem
1512 4617 1661 4684 dominus
1683 4618 1882 4683 Laurencius
1904 4619 1957 4704 pie
1979 4628 2086 4682 motus
2108 4615 2151 4680 ad
2171 4605 2272 4682 hono-

609 4759 680 4803 rem
704 4745 815 4802 sancte
837 4739 987 4803 trinitatis
1014 4759 1074 4823 pro
1101 4746 1260 4825 perpetua
1286 4739 1443 4803 memoris
1470 4759 1529 4802 sua
1558 4747 1592 4802 et
1617 4757 1677 4823 pro
1705 4736 1808 4801 salute
1835 4739 2013 4801 animarum
2042 4744 2212 4822 parentum
2241 4745 2273 4797 et
2390 4729 2396 4744 '

610 4855 855 4922 benefactorum
877 4877 1008 4921 suorum
1031 4854 1163 4922 donauit
1186 4864 1219 4920 et
1240 4857 1419 4940 assignauit
1439 4854 1592 4920 nobis·et
1612 4855 1731 4920 nostris
1754 4853 1997 4919 successoribus
2019 4863 2188 4941 perpetuo,
2216 4852 2273 4918 tali

612 4973 672 5040 snb
695 4975 896 5060 condicione,
920 4973 1008 5062 quod
1029 4996 1089 5038 nos
1102 4972 1225 5039 Cantor
1241 4983 1275 5038 at
1286 4972 1472 5060 Capitulum
1495 4995 1534 5038 cc
1555 4974 1659 5038 nostri
1681 4994 1887 5038 successores
1911 4971 2088 5038 debeamus
2111 4982 2144 5036 et
2166 4981 2272 5037 tenea

611 5115 699 5177 mur,
721 5103 818 5181 prout
839 5094 881 5158 ad
903 5093 965 5158 hoc
987 5113 1046 5158 uos
1068 5114 1129 5180 per
1150 5103 1320 5179 presentes
1343 5091 1540 5178 obligamus,
1562 5115 1622 5179 pro
1645 5090 1799 5179 predictis
1822 5092 1953 5176 triginta
1972 5093 2090 5156 marcis
2113 5089 2273 5177 quampri-

611 5231 699 5274 mum
720 5213 897 5298 poterimus
920 5233 1029 5276 emere
1052 5219 1159 5276 certos
1181 5209 1328 5276 redditus
1350 5209 1506 5276 annuales
1528 5219 1705 5298 perpetuos
1729 5219 1848 5297 quanto
1870 5209 1981 5296 plures
2002 5231 2185 5295 possumus.
2219 5209 2272 5274 De

613 5328 729 5416 quibus
752 5328 886 5416 singulis
909 5329 1001 5394 annis
1024 5331 1154 5395 viuente
1183 5328 1269 5394 dicto
1298 5329 1428 5394 domino
1452 5329 1634 5394 Laurencio
1665 5327 1809 5414 qualibet
1837 5327 1981 5393 secunda
2008 5327 2104 5412 feria,
2137 5327 2274 5414 primam
