5002 6418
643 713 688 780 :to

1409 915 1463 972 ⁸0.

602 1052 737 1118 usaue
756 1053 898 1138 auspi
917 1049 1117 1116 caseata
1138 1049 1234 1114 zaraa
1256 1048 1294 1114 a
1315 1049 1443 1113 accusa
1468 1029 1566 1135 dely,
1600 1073 1621 1112 a
1651 1049 1842 1116 elaeusa
1868 1072 1937 1138 vqs
1965 1049 2101 1135 sapato
2129 1049 2273 1116 naara

1302 1167 1431 1232 leus'ensi
1446 1189 1579 1233 cumea.

1960 1257 2035 1320 1461,
2053 1257 2086 1306 1s
2103 1255 2201 1306 neser.

754 1389 909 1456 Nicolaus
932 1387 986 1454 dei
1008 1397 1041 1453 et
1063 1385 1242 1475 apostolice
1264 1387 1352 1452 sedis
1374 1389 1480 1473 gratia
1502 1389 1685 1476 Episcopus
1708 1387 1930 1455 Sleswicensis
1960 1389 2120 1454 uniuersis
2148 1400 2182 1455 et
2207 1391 2272 1456 sin-

601 1509 687 1596 gulis
708 1508 876 1597 presentia
896 1507 1014 1572 visuris
1037 1507 1090 1571 vel
1113 1506 1284 1591 audituris,
1312 1516 1345 1572 et
1367 1529 1449 1594 quos
1471 1508 1709 1596 infrascriptum
1731 1509 1835 1594 tangit
1855 1509 2028 1594 negocium
2051 1531 2110 1572 seu
2131 1519 2271 1594 tangere

602 1629 723 1716 poterit
747 1625 991 1714 quomodolibet
1012 1628 1045 1691 in
1067 1626 1225 1710 futurum,
1254 1625 1398 1690 Salutem
1421 1627 1454 1690 in
1477 1625 1607 1692 domino
1637 1628 1865 1715 sempiternam
1888 1635 1921 1692 et
1942 1626 2147 1713 presentibus
2168 1627 2269 1692 fidem

601 1745 769 1812 indubium
796 1743 964 1813 adhibere.
1019 1744 1147 1810 Literas
1177 1743 1384 1810 serenissimi
1418 1766 1457 1810 ac
1484 1744 1701 1810 Jllustrissimi
1726 1746 1885 1831 Principis
1914 1754 1947 1809 et
1979 1744 2116 1829 domini,
2148 1744 2271 1810 domini

603 1863 773 1933 Cristierni
796 1863 850 1928 dei
871 1861 977 1949 gratia
998 1863 1101 1930 Dacie
1124 1863 1252 1930 Swecie
1273 1861 1440 1948 Noruegie
1463 1863 1635 1931 Slauorum
1659 1863 1895 1952 (tortorumque
1916 1863 2032 1948 Regis,
2054 1863 2155 1928 Ducis
2182 1862 2271 1928 Sles·

602 1985 762 2066 vicensis,
785 2005 824 2048 ac
848 1981 984 2048 Comitis
1006 1980 1176 2048 Holtzacie
1200 1980 1377 2050 Stormarie
1401 1981 1612 2050 Oldeuburclr
1635 1992 1668 2046 et
1688 1981 1930 2064 Delmenhorst,
1955 1983 2025 2046 eius
2046 2003 2126 2046 vero
2148 2003 2271 2068 appen-

602 2103 701 2168 dente
725 2101 831 2189 sigillo
855 2099 897 2165 de
919 2121 997 2166 cera
1017 2099 1121 2167 rubea
1143 2099 1216 2164 albe
1239 2100 1399 2185 impressa
1419 2101 1573 2184 munitas,
1606 2122 1703 2168 sanas
1724 2101 1870 2184 integras
1889 2097 2000 2166 illesas
2021 2121 2088 2166 non
2110 2099 2270 2165 cancella·

602 2231 653 2288 tas
675 2243 737 2286 nec
758 2221 904 2302 viciatas,
928 2218 987 2284 sed
1009 2219 1097 2284 omni
1118 2239 1251 2304 prorsus
1269 2218 1353 2282 vicio
1376 2227 1410 2306 et
1431 2220 1616 2305 suspicione
1639 2229 1798 2302 carentes,
1821 2217 1915 2284 nobis
1935 2240 1995 2304 pro
2018 2229 2111 2304 parte
2132 2218 2270 2284 honora·

602 2338 714 2407 biliam
748 2339 892 2404 virorum
923 2337 1019 2402 nobis
1045 2338 1079 2402 in
1107 2335 1215 2404 Cristo
1249 2335 1439 2402 dilectorum
1474 2339 1676 2405 dominorum
1706 2336 1856 2402 Cantoris
1885 2347 1918 2402 et
1948 2336 2090 2424 Capituli
2115 2337 2267 2402 Ecclesia

602 2455 876 2537 Hadersleuensis
909 2467 1019 2522 nostre
1051 2455 1190 2522 diocesis
1212 2463 1432 2542 presentatus,
1465 2477 1537 2522 cum
1566 2477 1607 2522 eo
1635 2475 1699 2544 quo
1714 2429 1837 2521 ¹decuit
1865 2455 1989 2521 honore
2022 2457 2179 2522 noueritis
2206 2477 2268 2521 nos

601 2576 780 2662 recepisse,
802 2573 986 2640 huiusmodi
1008 2572 1068 2640 sub
1091 2583 1204 2640 tenore
1226 2549 1364 2660 vulgari.

753 2692 821 2779 Wy
851 2692 1010 2758 Cristiern
1039 2713 1104 2758 van
1130 2693 1238 2779 godes
1265 2691 1397 2780 gnaden
1426 2704 1488 2759 etc.
1530 2691 1608 2758 Dat
1627 2691 1865 2760 Rendesborch
1893 2714 1945 2758 am
1974 2693 2059 2779 dage
2082 2694 2117 2760 S.
2140 2693 2267 2760 Thome

602 2811 695 2878 1460.
739 2821 801 2877 etc.

754 2932 834 3003 Post
856 2952 991 3018 quarum
1016 2929 1145 3016 quidem
1173 2929 1338 2994 literarum
1365 2931 1530 3016 regiarum
1557 2931 1840 3016 presentacionem
1869 2941 1902 2996 et
1924 2932 2150 3018 reeepcionem
2172 2929 2267 2996 nobis

600 3059 634 3116 et
655 3072 716 3137 per
738 3071 808 3134 nos,
830 3059 867 3114 vt
887 3049 1098 3136 premittitur,
1130 3049 1248 3132 factas,
1280 3045 1399 3112 fuimus
1425 3070 1485 3135 pro
1515 3057 1607 3134 parte
1636 3047 1793 3116 dictorum
1823 3050 2025 3115 dominorum
2054 3049 2205 3116 Cantoris
2235 3059 2268 3114 et

602 3169 744 3258 Capituli
766 3167 878 3234 debita
899 3167 972 3232 cum
993 3169 1147 3232 instantia
1168 3166 1331 3256 requistti,
1354 3175 1512 3252 quatenus
1535 3165 1645 3230 literas
1667 3168 1755 3254 ipsas
1783 3177 1815 3234 et
1836 3169 1869 3234 in
1892 3169 1939 3234 eis
1961 3177 2114 3234 contenta
2134 3191 2194 3255 pro
2221 3167 2268 3232 di-

600 3290 669 3354 uini
691 3288 796 3354 cultus
824 3287 858 3352 in
885 3287 1013 3374 prelata
1041 3284 1181 3350 ecclesia
1202 3283 1457 3349 Hedersleuensi
1482 3285 1731 3350 manutencione
1762 3296 1795 3351 et
1821 3297 1995 3374 augmento
2023 3285 2205 3374 approbare
2235 3297 2269 3352 et

600 3407 804 3490 confirmare,
826 3427 866 3470 ac
887 3405 967 3470 alias
989 3406 1077 3469 circa
1097 3404 1158 3468 hec
1179 3404 1367 3467 necessaria
1389 3411 1423 3466 et
1444 3411 1603 3488 oportuna
1625 3405 1815 3469 auctoritate
1837 3415 1949 3470 nostra
1971 3404 2134 3470 ordinaria
2155 3405 2266 3469 facere

602 3525 823 3611 dignaremur.
866 3521 936 3588 Nos
958 3525 1056 3608 igitur
1078 3520 1298 3602 attendentes,
1321 3519 1409 3607 quod
1433 3520 1612 3607 spiritualia
1633 3543 1672 3585 ac
1694 3520 1793 3586 diuini
1816 3522 1919 3589 cultus
1943 3525 2011 3588 sine
2033 3521 2268 3610 temporalibus
2357 3515 2366 3542 ‘

600 3644 732 3710 minime
756 3641 933 3708 subsistere
957 3639 1083 3723 valent,
1116 3639 1268 3727 quodque
1291 3641 1324 3704 in
1346 3638 1461 3703 eadem
1485 3638 1625 3704 ecclesia
1645 3640 1918 3725 Hedersleuensi,
1951 3640 2008 3706 vbi
2034 3651 2212 3728 prouentus
2236 3651 2269 3706 et

601 3759 749 3826 redditus
771 3761 973 3826 incrementa
994 3768 1199 3846 receperunt,
1222 3757 1350 3822 diuinus
1373 3756 1477 3822 cultus
1499 3757 1641 3843 gloriose
1659 3759 1858 3846 temporibus
1875 3760 1993 3826 nostris
2008 3760 2179 3826 inchoatus
2196 3761 2268 3824 sine

602 3878 824 3945 subuencione
849 3877 1073 3965 temporalium
1095 3877 1159 3941 cito
1183 3885 1373 3960 euanescet,
1395 3877 1499 3963 primo
1523 3875 1738 3946 donacionem
1754 3879 1838 3964 juris
1859 3887 2049 3965 patronatus
2072 3877 2210 3944 ecclesie
2233 3879 2266 3944 in

601 3978 711 4083 Csby,
745 4007 781 4062 ut
801 3998 1010 4083 premittitur,
1043 3997 1090 4060 eis
1112 3996 1231 4060 tactam
1254 3995 1481 4060 confirmamus
1511 4006 1543 4060 et
1570 3995 1804 4083 approbamus,
1835 3999 2003 4084 ipsamque
2034 3995 2206 4062 eeclesiam
2232 3999 2266 4062 in

601 4097 696 4202 Csby
717 4137 791 4180 cum
820 4114 969 4180 omnibus
997 4115 1063 4180 suis
1086 4113 1217 4200 juribus
1243 4112 1423 4178 redditibus
1451 4113 1665 4200 prouentibus
1695 4125 1727 4181 et
1754 4115 1978 4180 emolumentis
2006 4113 2101 4180 dictis
2128 4114 2265 4180 dominis

602 4233 737 4300 Cantori
759 4243 792 4300 et
815 4232 967 4319 Capitulo
989 4231 1032 4297 ad
1052 4232 1208 4297 bonorem
1231 4229 1285 4295 dei
1307 4233 1536 4318 omnipotentis
1559 4241 1592 4297 et
1613 4232 1709 4298 beate
1730 4233 1833 4298 Marie
1856 4237 1967 4298 mauis
1990 4235 2059 4298 eius
2081 4255 2141 4320 pro
2165 4232 2264 4298 diuini

601 4351 706 4418 cultus
729 4350 879 4450 ampliori
900 4359 1090 4436 augmento,
1123 4351 1313 4415 auctoritate
1336 4349 1518 4434 ordinaria,
1551 4361 1584 4417 et
1614 4361 1768 4438 quantum
1798 4353 1831 4417 in
1858 4351 1954 4421 uobis
1977 4360 2041 4436 est,
2074 4353 2264 4418 anneximus

599 4473 761 4536 vniuimus
784 4480 818 4536 et
838 4471 1134 4558 incorporauimus‚
1167 4491 1206 4534 ac
1235 4468 1437 4533 annectimus
1459 4471 1587 4534 vnimus
1610 4479 1643 4534 et
1662 4471 1906 4557 incorporamus
1927 4471 2093 4556 perpetuis
2116 4470 2265 4556 tempori·

598 4589 677 4674 bus,
709 4592 865 4677 ipsosque
893 4588 1069 4654 Castorem
1097 4598 1130 4654 et
1160 4587 1345 4675 Capitulum
1372 4589 1404 4654 in
1436 4587 1581 4653 eiusdem
1611 4588 1748 4654 ecclesie
1776 4590 1808 4653 in
1831 4569 1925 4676 Csby
1952 4611 1991 4656 ao
2013 4590 2135 4675 jurium
2164 4589 2264 4675 ipsius

598 4709 842 4796 possessionem
864 4706 988 4770 realem
1010 4716 1042 4772 et
1064 4706 1223 4772 actualem
1244 4705 1430 4771 induximus
1453 4714 1486 4770 et
1507 4706 1692 4771 inducimus
1709 4731 1769 4794 per
1790 4718 1971 4795 presentes.
2023 4706 2129 4773 Saluis
2155 4717 2264 4772 tamen

549 4861 554 4871 ·
599 4827 829 4914 infrascriptis,
851 4824 1005 4893 uidelicet
1026 4823 1114 4912 quod
1136 4826 1178 4890 ad
1201 4823 1338 4888 eandem
1362 4824 1535 4890 ecclesiam
1559 4847 1602 4890 ex
1624 4849 1725 4910 nunc,
1748 4827 1904 4914 quociens
1927 4847 2000 4890 eam
2023 4847 2141 4891 vacare
2164 4826 2264 4891 conti-

599 4945 694 5030 gerit,
716 4943 811 5009 nobis
834 4953 890 5009 aut
912 4943 1156 5010 successoribus
1177 4945 1297 5009 nostris
1318 4942 1483 5030 ydoneam
1504 4943 1567 5030 ipsi
1591 4943 1712 5009 domini
1735 4943 1918 5032 Capitulum
1944 4953 2133 5032 presentent
2154 4965 2263 5032 perso-

598 5085 675 5128 nam
710 5061 795 5128 infra
827 5072 954 5150 tempus
989 5072 1022 5129 et
1047 5063 1145 5150 juxta
1176 5062 1311 5126 formam
1335 5063 1421 5148 juris
1448 5062 1679 5127 instituendam
1707 5073 1860 5150 tanquam
1888 5073 2080 5151 perpetuum
2108 5063 2263 5127 vicarium

600 5180 746 5247 eiusdem
777 5181 915 5247 ecclesie
943 5192 1098 5247 curatum.
1152 5181 1198 5246 Et
1223 5189 1260 5246 ut
1286 5181 1454 5268 perpetuis
1482 5181 1684 5268 temporibus
1714 5179 1830 5248 clarior
1862 5183 1946 5246 inter
1980 5181 2085 5259 dictos
2117 5180 2265 5246 dominos

599 5297 773 5386 capitulum
798 5310 830 5366 et
851 5308 996 5366 curatum
1018 5301 1173 5366 vicarium
1195 5298 1378 5364 huiusmodi
1399 5297 1440 5363 de
1463 5299 1549 5364 dicte
1572 5299 1710 5365 ecclesie
1738 5299 1895 5366 fructibus
1917 5298 1992 5365 hinc
2014 5299 2091 5364 inde
2113 5297 2261 5364 leuandis
