5242 6414
1449 684 1489 749 12

637 888 769 975 antiquo
791 885 925 952 liberius
948 893 1197 952 consueueruut.
1240 885 1321 950 Item
1351 884 1438 973 quod
1467 885 1593 950 decime
1621 885 1831 952 ecclesiarum
1859 907 1920 973 per
1942 907 2054 972 regem
2077 907 2136 950 seu
2157 885 2297 974 aliquem
2331 899 2350 941 ²

637 1005 735 1072 alium
762 1027 828 1070 non
856 1015 1007 1092 petantur
1035 1025 1097 1068 nec
1124 1004 1336 1091 recipiantur,
1373 1025 1436 1069 nec
1463 1003 1726 1092 archiepiscopus
1762 1005 1830 1070 siue
1862 1004 1976 1092 aliquis
2004 1003 2086 1069 alius
2112 1003 2298 1070 facultatem

637 1123 757 1190 habeat
778 1125 865 1212 ipsas
890 1123 1031 1188 decimas
1054 1121 1225 1188 alienandi.
1269 1122 1350 1186 Item
1373 1122 1482 1187 clerici
1506 1133 1538 1188 et
1560 1123 1779 1189 ecclesiastice
1801 1145 1942 1211 persone
1966 1123 2008 1188 ad
2030 1121 2183 1210 placitum
2205 1145 2295 1189 secu·
2329 1156 2348 1196 a

636 1242 704 1309 lara
725 1242 780 1309 vel
813 1264 924 1307 coram
945 1240 1059 1328 judice
1088 1239 1226 1306 seculari
1252 1262 1317 1305 non
1347 1242 1485 1306 citentur
1513 1242 1567 1307 vel
1593 1242 1775 1325 trahantur,
1808 1263 1871 1307 nec
1891 1232 2080 1328 tallientur,'
2101 1263 2165 1307 nec
2186 1251 2301 1307 contra

638 1383 695 1428 eos
724 1361 831 1452 littere
860 1362 951 1446 regie
978 1380 1181 1446 quacumque
1211 1381 1251 1424 ex
1282 1381 1381 1424 causa
1408 1361 1635 1448 impetrentur,
1669 1360 1727 1426 sed
1757 1363 1952 1448 quicumque
1982 1371 2097 1426 contra
2119 1383 2177 1427 eos
2198 1381 2299 1447 agere

638 1479 770 1563 habeat,
804 1501 914 1544 coram
936 1478 1049 1566 judice
1078 1499 1136 1542 suo
1165 1477 1387 1544 ecclesiastico
1413 1480 1446 1543 in
1473 1479 1545 1544 foro
1576 1478 1715 1544 ecclesie
1744 1501 1846 1566 agere
1873 1489 2031 1545 teneatur.
2077 1481 2158 1545 ltem
2190 1479 2295 1546 nullus
2329 1495 2349 1536 ⁴·

639 1608 814 1684 extraneus
836 1599 947 1683 ignote
982 1596 1091 1682 lingue
1120 1595 1174 1661 vel
1201 1598 1388 1684 imperfecte
1423 1599 1517 1662 etatis
1551 1597 1594 1662 ad
1623 1598 1762 1685 aliquam
1790 1597 1985 1663 ecclesiam¹
2013 1608 2230 1684 presentetur.
2266 1609 2300 1665 et

637 1739 698 1783 rex
720 1716 864 1804 aliquem
886 1715 1038 1780 clericum
1062 1715 1105 1780 ad
1127 1715 1248 1780 nullam
1270 1717 1442 1780 ecelesiam
1465 1725 1647 1803 presentet,
1679 1718 1741 1782 nisi
1763 1718 1796 1782 in
1825 1739 1865 1782 ea
1892 1739 2016 1783 merum
2034 1719 2089 1806 jus
2111 1725 2301 1804 patronatus

638 1835 795 1902 habuerat
817 1833 859 1899 ab
882 1835 1024 1920 antiquo.
1069 1835 1151 1900 Item
1172 1833 1279 1898 nullus
1303 1832 1474 1922 episcopus
1498 1857 1556 1900 seu
1580 1835 1801 1900 ecclesiastica
1822 1857 1964 1923 persona
1986 1839 2146 1923 capiatur,
2177 1835 2297 1920 exulat,
2332 1849 2349 1890 t

639 1953 810 2020 selbonis
833 1955 900 2019 suis
922 1954 1076 2040 priuetur,
1098 1955 1161 2017 nisi
1183 1954 1225 2018 ad
1247 1953 1434 2018 mandatum
1456 1955 1571 2018 summi
1593 1953 1753 2040 pontificia
1777 1954 1975 2042 specialiter,
2009 1956 2156 2021 siluerit
2178 1957 2303 2042 episco-

638 2097 715 2163 pus,
738 2073 797 2138 sed
819 2073 847 2138 si
870 2071 1004 2139 inferior
1026 2071 1248 2136 ecclesiastica
1269 2093 1411 2157 persona
1431 2094 1646 2160 quecumque,
1669 2071 1710 2136 ad
1728 2073 1914 2138 mandatum
1938 2076 1986 2140 sui
2009 2074 2163 2140 ordinarii
2179 2074 2302 2162 judicis

639 2191 822 2280 spiritualis,
846 2191 1020 2256 dummodo
1043 2212 1153 2256 coram
1176 2213 1215 2254 eo
1238 2191 1394 2254 canonice
1417 2192 1637 2256 conuincatur.
1680 2191 1764 2256 Item
1792 2214 1812 2257 a
1839 2192 2064 2258 sacerdotibus
2091 2192 2298 2281 parrochiali·
2331 2207 2351 2248 t

640 2311 702 2376 bus
724 2309 765 2376 de
788 2311 883 2374 terris
906 2311 973 2374 suis
995 2311 1083 2374 curie
1106 2332 1164 2374 sue
1187 2308 1410 2374 adiacentibus
1433 2306 1554 2373 nullum
1577 2310 1749 2374 seruicium
1771 2312 1897 2397 regium
1920 2313 2080 2397 exigatur.
2130 2313 2211 2377 Item
2234 2331 2299 2375 non
2333 2327 2353 2370 t.

640 2438 817 2516 graumtur
840 2426 981 2493 claustra
1002 2449 1059 2492 seu
1083 2427 1189 2492 clerus
1212 2450 1272 2514 per
1294 2449 1396 2514 equos
1420 2436 1452 2492 et
1475 2449 1572 2492 canes
1594 2429 1682 2514 regia
1704 2429 1898 2515 pascendos.
1943 2431 2026 2495 Item
2048 2429 2134 2519 quod
2158 2439 2296 2495 castrum
2332 2449 2353 2491 a

639 2550 673 2613 in
694 2558 783 2613 terra
803 2545 1024 2612 Borendlrolm
1047 2569 1119 2612 cum
1144 2545 1215 2612 aliis
1236 2545 1330 2611 bonis
1354 2543 1683 2633 archiepiscopalibus
1711 2546 1753 2612 ad
1783 2547 1953 2612 ecelesiam
1977 2548 2186 2614 Luniensem
2208 2547 2303 2612 rede·

644 2677 714 2750 ant,
744 2674 898 2752 quantum
921 2667 954 2730 in
977 2687 1017 2730 eo
1040 2675 1106 2751 est,
1134 2688 1195 2731 rex
1220 2687 1281 2752 pro
1308 2686 1406 2751 posse
1433 2686 1490 2729 suo
1513 2663 1640 2729 laboret
1661 2665 1801 2731 fideliter
1823 2676 1856 2732 et
1877 2677 2038 2753 procuret.
2081 2669 2163 2734 Item
2186 2687 2298 2732 omncs
2332 2688 2354 2729 s.

640 2785 757 2852 milites
780 2795 813 2850 et
834 2785 989 2870 armigeri
1010 2784 1051 2850 do
1072 2784 1206 2873 propria
1228 2805 1287 2849 sua
1307 2783 1429 2848 familia
1450 2781 1621 2848 emendam
1643 2785 1738 2849 trium
1757 2785 1959 2850 marcharum
1979 2786 2033 2851 vel
2049 2809 2169 2852 nouem
2191 2808 2302 2852 secuu-

642 2904 717 2969 dum
739 2903 1007 2969 cousuetudinem
1029 2901 1201 2968 cuiuslibet
1223 2912 1319 2985 terre,
1349 2904 1382 2966 in
1405 2924 1607 2990 quocumque
1629 2901 1748 2989 placito
1772 2903 1912 2969 seculari
1933 2907 2175 2989 conuincan'tur,
2198 2904 2301 2969 libere

640 3025 835 3114 percipiant,
851 3031 899 3101 ,et
919 3020 1019 3106 ultra,
1047 3023 1074 3085 si
1096 3022 1138 3085 ad
1161 3021 1223 3086 hoc
1245 3023 1428 3086 exstiterint
1448 3021 1658 3108 priuilegiati,
1692 3031 1725 3087 et
1746 3021 1889 3110 frithkop
1910 3045 1969 3110 pro
1992 3024 2183 3108 homicidio,
2205 3031 2301 3111 prout

640 3144 786 3210 homines
808 3143 896 3227 regis
918 3142 952 3205 in
974 3139 1151 3227 Syalandia
1174 3149 1315 3206 vtuntur.
1359 3141 1440 3206 Item
1468 3140 1613 3206 homiues
1642 3141 1730 3225 regis
1760 3163 1823 3204 non
1852 3151 2010 3227 cogantur
2036 3142 2084 3206 ire
2112 3144 2145 3207 in
2168 3141 2301 3228 expedi·
2320 3159 2352 3201 ru

641 3265 767 3329 cionem
789 3260 842 3326 vel
865 3259 1006 3324 edictum
1023 3269 1117 3324 extra
1138 3257 1256 3324 limites
1279 3269 1313 3324 et
1335 3261 1474 3325 confinia
1489 3261 1593 3344 regni,
1614 3259 1676 3323 nisi
1698 3260 1842 3345 ipsorum
1858 3259 1968 3325 habita
1987 3284 2085 3348 super
2106 3260 2170 3325 boc
2191 3258 2303 3326 volun·

641 3391 707 3448 tate
737 3389 770 3444 et
797 3400 967 3444 consensu.
1002 3389 1035 3443 et
1056 3376 1326 3464 quandocumque
1353 3379 1386 3441 in
1415 3377 1555 3444 edictum
1577 3378 1666 3462 regis
1688 3378 1772 3442 infra
1792 3399 1929 3464 regnum
1951 3381 2020 3444 siue
2044 3390 2138 3444 extra
2158 3377 2303 3443 bellandi

642 3523 740 3568 eausa
767 3499 899 3581 inerint,
927 3519 989 3560 rex
1015 3496 1094 3582 ipsis
1120 3497 1308 3560 necessaria
1337 3494 1512 3579 ordinabit,
1547 3505 1579 3560 et
1601 3498 1628 3560 si
1650 3496 1737 3582 capti
1757 3496 1886 3583 fuerint,
1908 3499 1997 3586 ipsos
2019 3496 2170 3565 liberabit
2193 3507 2225 3562 et
2247 3519 2303 3561 ex·

640 3618 751 3707 pedite
778 3615 917 3682 redimat
951 3613 1064 3679 saltem
1092 3614 1175 3678 infra
1203 3635 1321 3679 annum
1357 3624 1389 3679 et
1416 3637 1475 3701 pro
1500 3612 1677 3700 deperditis
1700 3615 1892 3702 satisfaciat,
1925 3627 2098 3706 antequam
2121 3637 2231 3682 secum
2254 3639 2303 3680 se·

641 3737 796 3803 cundario
818 3736 866 3799 irc
883 3733 1060 3819 jubeantur
1082 3733 1114 3797 in
1137 3734 1315 3797 exercitum
1337 3731 1392 3796 vel
1415 3732 1571 3816 edictum,
1610 3731 1813 3799 libertatibus
1842 3735 1978 3800 eomm⁹
2007 3737 2164 3822 pristinis,
2199 3736 2302 3800 eciam

642 3858 670 3922 si
691 3877 755 3920 non
778 3854 909 3938 inerint,
931 3851 1141 3916 conseruatis.
1187 3850 1268 3915 Item
1291 3849 1396 3914 nullus
1419 3861 1555 3935 cogatur
1575 3851 1607 3914 in
1631 3853 1745 3916 eastris
1768 3853 1856 3937 rogis
1878 3876 2010 3918 manere
2032 3855 2172 3942 propriis
2195 3876 2301 3940 sump-
2319 3875 2350 3916 ιι.

641 3975 727 4042 tibus
755 3982 788 4039 et
815 3973 977 4058 expensis.
1021 3969 1102 4035 Item
1131 3991 1193 4033 rex
1218 3991 1354 4054 guerras
1377 3981 1490 4035 contra
1512 3969 1652 4056 aliquem
1674 3971 1827 4036 inchoare
1849 3994 1914 4037 nou
1938 3973 2057 4038 debeat
2078 3973 2140 4037 nisi
2161 3972 2299 4059 prelato·
2318 3993 2350 4034 rs

641 4119 711 4160 rum
741 4101 772 4158 ct
799 4095 965 4179 pociorum
993 4090 1088 4175 regni
1116 4087 1249 4154 consilio
1279 4098 1312 4152 et
1339 4110 1509 4152 consensu.
1561 4089 1643 4152 Item
1666 4091 1773 4154 omnia
1795 4101 1903 4156 eastra
1924 4091 2048 4177 regalia
2070 4091 2103 4156 in
2126 4091 2245 4156 Scania
2267 4101 2301 4156 et
2319 4113 2351 4155 ra

641 4212 830 4294 Hallaudia,
864 4210 1010 4296 exceptis
1033 4206 1293 4293 llelsingborgh,
1326 4207 1457 4294 Slsanitr
1479 4216 1512 4272 et
1533 4205 1753 4292 Fallrinbergh
1780 4209 1923 4274 funditus
1954 4209 2160 4274 destruentur
2193 4218 2226 4273 et
2259 4208 2300 4274 de

643 4343 752 4399 cetero
780 4329 962 4396 nullatenus
989 4326 1228 4392 modificentur.
1271 4326 1354 4391 Item
1381 4346 1440 4413 pro
1469 4336 1573 4392 morta
1601 4329 1690 4412 regis
1718 4327 1807 4392 Erici
1834 4329 1992 4392 interlecti
2021 4329 2211 4412 incausatis,
2245 4329 2299 4416 qui
2319 4343 2350 4384 ¹⁴·

643 4453 711 4518 eius
739 4451 834 4515 morti
862 4446 1106 4536 principaliter⁸
1137 4446 1223 4511 facto
1252 4443 1306 4510 vel
1336 4467 1435 4532 opere
1464 4467 1531 4510 non
1558 4444 1772 4511 interfuerunt
1806 4457 1839 4510 et
1867 4447 1921 4533 qui
1950 4467 2014 4511 non
2042 4458 2116 4511 sunt
2142 4444 2298 4531 legittime

642 4572 792 4657 conuicti,
813 4571 993 4656 ceterisque
1012 4564 1154 4653 expulsis
1171 4576 1204 4629 et
1221 4585 1333 4629 eornm
1351 4562 1524 4628 heredibus
1543 4585 1581 4629 ac
1602 4562 1856 4650 quibuscumque
1880 4563 1959 4646 aliis,
1977 4563 2070 4629 bonis
2093 4566 2159 4629 suis
2181 4565 2298 4630 iniuste

641 4691 790 4779 priuatis,
819 4686 907 4753 bona
928 4708 1001 4772 sua,
1029 4685 1129 4751 veluti
1150 4684 1284 4748 inuenta
1304 4681 1437 4764 fuerint,
1459 4679 1562 4745 libere
1584 4684 1804 4746 restituantur.
1848 4683 1929 4747 Item
1952 4684 2145 4770 quicumque
2168 4683 2299 4770 captiui·
2317 4699 2349 4740 ¹⁵.

641 4820 725 4876 tates
754 4809 823 4873 siue
854 4805 994 4893 dampna
1024 4813 1079 4870 aut
1106 4801 1217 4868 debita
1245 4823 1288 4866 ex
1311 4809 1403 4886 parte
1427 4820 1546 4864 corone
1569 4799 1716 4864 Dacians
1738 4800 1956 4886 incurrerant,
1991 4801 2033 4866 ad
2056 4824 2192 4888 quorum
2215 4800 2299 4866 solu·

641 4931 767 4996 cionem
790 4948 848 4992 seu
864 4923 1095 4989 liberacionem
1117 4942 1239 4986 corona
1259 4921 1354 5005 regni
1384 4917 1559 5004 obligatur,
1592 4941 1668 5001 rex,
1700 4919 1755 5004 qui
1782 4939 1841 5005 pro
1871 4931 2017 5006 tempore
2039 4919 2150 5004 fuerit,
2174 4941 2231 4984 eos
2253 4919 2300 4983 in-

642 5048 798 5135 dempnes
827 5043 966 5110 reddere
993 5052 1152 5108 teneatur.
1205 5041 1288 5105 Item
1322 5035 1408 5124 quod
1442 5035 1625 5121 burgenses
1654 5045 1686 5101 et
1714 5046 1911 5102 mercatores
1938 5037 2041 5102 libere
2071 5047 2201 5104 utantur
2230 5037 2296 5102 suis
2315 5053 2348 5094 ιι.

710 5297 721 5336 ¹
739 5302 774 5354 B:
791 5301 959 5368 „ecclesiam”
978 5300 1059 5350 deest
1127 5293 1142 5332 ⁹
1158 5297 1270 5350 Breuis.
1338 5297 1351 5330 ⁸
1369 5295 1403 5346 ll:
1420 5291 1619 5361 presentialiter.
