5156 6424
671 671 714 738 62

638 873 809 940 ecclesiam
832 884 976 942 nostram
998 875 1174 963 resideret,
1202 877 1242 964 jn
1270 898 1312 942 ea
1339 886 1433 965 parte
1461 901 1482 942 a
1508 877 1637 944 nemine
1654 877 1901 966 jmpediendus,
1934 876 1994 942 sub
2015 897 2103 964 pena
2123 877 2296 966 sacrilegij,

640 993 726 1076 Quia
748 995 891 1061 existens
908 995 948 1082 jn
971 997 1109 1062 seruicio
1140 995 1260 1083 dominj
1289 997 1434 1084 episcopi
1454 1019 1514 1085 pro
1537 1007 1683 1084 tempore
1710 996 1880 1065 existentis
1903 995 2106 1062 commodum
2129 1005 2163 1062 et
2183 994 2297 1062 vtilits·

637 1119 702 1178 tem
726 1112 864 1178 ecclesie
887 1125 1063 1200 procurare
1086 1125 1129 1210 et,
1144 1115 1253 1180 facere
1280 1124 1390 1202 potest
1417 1114 1539 1202 aliquid
1566 1113 1704 1202 amplius
1734 1135 1831 1202 quam
1860 1113 2008 1180 residens
2035 1114 2124 1180 circa
2151 1113 2297 1198 eandem,

638 1231 722 1296 sicut
742 1230 804 1297 hoc
826 1253 905 1319 sepe
933 1231 1119 1298 notabiliter
1145 1233 1265 1299 factum
1292 1235 1532 1322 conspeximus.
1586 1233 1828 1300 Reuerende
1858 1207 1975 1321 paler
1996 1242 2031 1298 et
2053 1231 2198 1318 domine,
2227 1253 2297 1320 pre·

636 1352 737 1416 missa
759 1327 866 1416 omnia
888 1361 921 1416 et
942 1350 1071 1438 singula
1091 1374 1151 1439 pro
1169 1353 1292 1418 honore
1304 1355 1369 1418 Dei
1391 1365 1424 1420 et
1444 1352 1593 1418 Ecclesia
1616 1351 1788 1438 collegiate
1810 1351 2072 1418 hadersleuensis
2094 1351 2297 1418 concorditer

637 1468 841 1535 declaramus
863 1469 1054 1558 ampliamus
1077 1473 1244 1538 statuimus
1267 1482 1300 1536 et
1322 1472 1508 1538 ordinamus
1528 1494 1589 1558 per
1610 1479 1798 1558 presentes,
1819 1479 1929 1538 vestre
1951 1470 2134 1536 reuerende
2158 1470 2297 1536 domina

633 1588 713 1674 tionj
745 1586 864 1652 deuote
892 1597 929 1653 vt
956 1597 1105 1654 tenemur
1132 1591 1366 1678 supplicantes,
1401 1599 1559 1678 quatenus
1592 1611 1633 1655 ea
1664 1588 1776 1675 legere
1810 1597 1843 1654 et
1870 1591 2057 1656 examinaro
2086 1611 2145 1654 seu
2171 1587 2238 1675 legi
2267 1595 2298 1654 et

636 1707 814 1770 examinari
836 1708 945 1772 facere
968 1708 1014 1772 Et
1033 1707 1096 1772 illis
1117 1717 1213 1794 prout
1234 1733 1266 1774 v.
1290 1732 1317 1774 r.
1339 1710 1525 1796 paternitatj
1554 1707 1713 1796 placuerit
1739 1705 1839 1772 robur
1867 1718 1900 1774 et
1927 1707 2094 1774 decretum
2117 1717 2228 1774 vestre
2251 1729 2298 1772 or·

636 1823 759 1891 dinarie
786 1824 1030 1913 approbationis
1058 1838 1091 1892 ct
1123 1828 1374 1893 confirmationis
1403 1829 1546 1914 gratiose
1574 1825 1763 1916 impendere
1794 1825 1960 1911 dignetur,
1997 1826 2051 1892 Ab
2086 1827 2296 1914 omnipotenti

634 1942 714 2026 deo,
738 1945 828 2008 cuius
845 1945 885 2030 jn
908 1955 1152 2032 capartorem
1175 1949 1228 2034 agj
1252 1969 1436 2034 speramus,
1467 1945 1654 2012 mercedem
1683 1949 1815 2034 copiose
1842 1953 2024 2032 receptura.
2079 1945 2116 2010 ln
2139 1945 2231 2010 cuius
2252 1946 2298 2009 rei

635 2064 851 2128 testimonium
875 2062 1024 2148 Sigillum
1045 2064 1176 2151 capituli
1197 2068 1300 2131 nostri
1320 2063 1526 2153 presentibus
1549 2073 1599 2131 est
1620 2064 1871 2151 subappensum.
1914 2064 2036 2128 Datum
2060 2074 2093 2130 et
2115 2075 2220 2130 actum
2245 2063 2298 2128 ha·

636 2179 790 2246 dersleue
808 2182 848 2268 jn
869 2192 1017 2269 pretenta
1038 2181 1179 2248 ecclesia
1200 2183 1372 2271 collegiata
1394 2186 1438 2251 Et
1454 2186 1493 2270 jn
1514 2184 1587 2250 loco
1610 2182 1792 2270 capittulari
1818 2181 1913 2248 nobis
1940 2203 2068 2248 necnon
2096 2181 2245 2248 omnibns
2268 2193 2299 2248 et

640 2299 775 2384 singulis
803 2301 967 2386 jntcresse
995 2301 1190 2366 habentibus
1218 2312 1250 2368 et
1277 2302 1477 2387 volentibus,
1500 2304 1539 2390 jn
1561 2302 1665 2368 valuis
1688 2301 1773 2366 dicte
1796 2299 1934 2366 ecclesie
1963 2299 2136 2386 collegiate
2164 2301 2208 2366 ad
2237 2300 2298 2366 hoc

637 2427 742 2483 actum
765 2420 937 2483 terminum
959 2427 991 2484 et
1013 2419 1118 2484 locum
1146 2421 1235 2508 prius
1263 2422 1462 2487 sufficienter
1482 2421 1609 2486 vocatis
1632 2430 1665 2486 et
1694 2420 1809 2504 citatis,
1837 2429 1871 2484 et
1892 2417 2082 2484 absentibus
2105 2441 2165 2506 pro
2188 2429 2298 2485 contn-

636 2534 781 2600 macibns
798 2537 831 2600 in
849 2559 889 2602 ea
910 2547 1003 2624 parte
1025 2540 1192 2625 reputatis,
1214 2549 1347 2626 propter
1368 2541 1527 2626 premissa
1548 2537 1733 2628 specialiter
1755 2539 1963 2623 congregatis
1983 2538 2157 2624 capitulum
2179 2539 2298 2602 lacien-

632 2652 719 2718 tibus
749 2663 783 2718 et
805 2656 1121 2742 representantibus,
1150 2659 1247 2723 Anno
1271 2639 1392 2724 dumini
1422 2657 1592 2724 millesimo
1621 2657 1879 2745 quingentesimo
1908 2657 2035 2722 decimo
2064 2659 2201 2744 septimo
2234 2659 2297 2722 Die

637 2793 716 2836 uero
740 2774 852 2838 martis
875 2773 1001 2840 decima
1021 2778 1142 2842 mensis
1164 2776 1341 2863 ffebruarij.
1376 2777 1456 2842 Nos
1477 2777 1603 2861 igitur
1622 2774 1869 2841 Godscalcns
1885 2775 2069 2863 Episcopus
2080 2775 2297 2842 Attendentes

638 2889 726 2977 qnod
747 2892 838 2977 justa
864 2895 989 2980 petenti
1017 2917 1081 2960 non
1111 2903 1161 2959 est
1189 2894 1401 2982 denegandus
1430 2917 1599 2980 assensus,
1631 2895 1764 2979 vestris,
1799 2893 1918 2981 Dilectj
1952 2895 2008 2982 filij
2043 2895 2140 2982 (quos
2162 2903 2297 2982 patemo

635 3009 750 3076 fauore
773 3012 1030 3099 prosequimur),
1063 3013 1350 3100 supplicationibus
1374 3013 1523 3100 jnclinatj
1553 3021 1672 3078 statuta
1694 3015 1787 3100 jpsa‚
1815 3013 1907 3099 sicntj
1939 3013 2194 3100 pronunciante
2216 3021 2298 3096 sunt,

636 3129 795 3196 babentes
817 3141 913 3216 grata
935 3140 968 3196 ct
988 3141 1061 3197 rata
1082 3153 1122 3196 ea
1143 3132 1344 3198 Auctoritate
1371 3143 1483 3200 nostra
1509 3132 1672 3199 ordinaria
1700 3131 1926 3198 confirmamus
1949 3141 1982 3198 et
2008 3132 2168 3218 presentis
2197 3132 2299 3197 nostri

640 3250 751 3336 scriptj
774 3250 953 3336 patrocinio
976 3253 1219 3316 communimus.
1273 3251 1311 3316 In
1345 3273 1480 3338 quorum
1509 3251 1649 3316 omnium
1680 3259 1713 3316 et
1740 3250 1940 3335 singulorum
1969 3248 2067 3315 fidem
2096 3257 2129 3315 et
2157 3251 2299 3316 testimo·

637 3368 724 3432 nium
747 3366 806 3432 has
828 3366 938 3434 literas
960 3367 1031 3433 fieri
1053 3390 1093 3434 ac
1113 3393 1174 3456 per
1185 3371 1353 3438 Notarium
1374 3369 1539 3458 publicum
1556 3379 1766 3454 nostrumque
1783 3369 1816 3432 in
1833 3367 2014 3454 huiusmodj
2035 3369 2168 3453 negotio
2188 3389 2297 3433 coram

634 3484 729 3550 nobis
751 3485 889 3552 scribam
919 3487 1163 3574 jnsrascriptum
1194 3488 1354 3554 subscribi
1377 3499 1410 3554 et
1431 3487 1591 3577 publicari
1617 3485 1808 3552 mandamus
1829 3485 2005 3573 Nostrique
2029 3485 2144 3571 Sigilli,
2167 3509 2232 3573 quo
2255 3486 2296 3552 ad

633 3623 748 3668 causas
773 3604 899 3688 vtimur,
916 3607 1129 3690 jussimuset
1149 3607 1285 3672 fecimus
1307 3609 1505 3695 appensione
1529 3606 1728 3692 communirj.
1774 3605 1894 3672 Datum
1920 3613 1953 3670 et
1975 3613 2081 3669 actum
2103 3603 2296 3670 hadersleue

627 3721 667 3807 jn
693 3721 787 3785 curia
812 3731 925 3786 nostra
952 3723 1140 3812 Episcopalj
1164 3748 1248 3791 auno
1276 3748 1297 3791 a
1323 3727 1490 3792 natiuitate
1521 3724 1641 3810 dominj
1671 3722 1841 3789 millesimo
1875 3723 2135 3810 quingentesimo
2170 3722 2295 3787 decimo

634 3839 773 3926 septimo
795 3839 859 3904 Die
882 3861 961 3905 vero
978 3843 1067 3928 jouis
1090 3841 1283 3909 duodecima
1304 3845 1424 3910 mensis
1445 3841 1628 3928 ffebruarij,
1655 3841 1862 3928 presentibus
1884 3840 2063 3927 venerabilj
2088 3841 2220 3906 domino
2241 3842 2294 3906 Ni·

634 3955 726 4022 colao
748 3957 838 4043 Petrj
860 3967 972 4024 nostro
995 3959 1163 4046 capellano
1187 3971 1220 4027 et
1240 3961 1389 4028 Jocbirno
1402 3961 1499 4027 Oden
1521 3962 1704 4052 presbitero
1727 3971 1760 4026 et
1782 3960 1901 4026 clerico
1923 3959 2139 4026 Slesuicensis
2162 3970 2196 4026 et
2217 3961 2296 4026 Bre-

633 4076 754 4142 mensis
778 4074 917 4141 diocesis
939 4078 1075 4144 testibus
1097 4078 1140 4144 ad
1161 4081 1321 4167 premissa
1346 4081 1471 4146 vocatis
1499 4079 1684 4166 specialiter
1712 4089 1808 4166 atque
1837 4079 1971 4164 rogatis.
2025 4078 2075 4143 Et
2101 4099 2174 4144 nos
2202 4079 2296 4144 Nico

632 4191 703 4257 laus
726 4193 809 4279 petrj
834 4203 960 4280 cantor,
992 4195 1159 4262 lohannes
1181 4197 1344 4263 Alberdes
1366 4196 1484 4282 lector,
1512 4195 1663 4263 Michaell
1685 4197 1770 4284 petri
1793 4196 1911 4262 Senior
1932 4205 2098 4282 totumque
2122 4197 2294 4284 capitulum

633 4311 804 4397 collegiate
834 4313 984 4379 Ecclesia
1014 4315 1116 4382 Beate
1139 4317 1239 4382 marie
1272 4316 1408 4402 virginis
1435 4315 1696 4382 hadersleuensis
1725 4313 1940 4380 Slesuicensis
1975 4314 2115 4380 diocesis
2147 4315 2296 4384 ffatemur

634 4432 742 4496 omnia
763 4439 797 4495 et
818 4432 946 4518 singula
966 4436 1188 4522 suprascripta
1209 4435 1256 4500 sic
1279 4457 1352 4500 esse
1375 4445 1471 4520 gesta
1490 4435 1577 4500 facts
1599 4445 1632 4500 et
1651 4456 1748 4518 vera,
1775 4435 1814 4521 jn
1844 4455 1980 4521 quorum
2009 4434 2150 4498 omnium
2179 4445 2213 4499 et
2235 4435 2295 4498 sin·

634 4550 783 4636 gulorum
805 4549 906 4616 robur
927 4574 966 4616 ac
989 4552 1123 4618 euidens
1146 4555 1363 4620 testimonium
1384 4575 1444 4640 pro
1466 4553 1561 4618 nobis
1583 4575 1622 4619 ac
1644 4551 1792 4618 omnibus
1815 4565 1848 4620 et
1869 4551 2004 4639 singulis
2025 4553 2145 4616 nocuis
2168 4574 2294 4618 succes-

632 4667 759 4733 soribus
781 4672 946 4756 perpetuis
973 4672 1089 4736 futuris
1111 4673 1311 4761 temporibus
1334 4672 1482 4758 Sigillum
1511 4671 1642 4759 capituli
1667 4672 1770 4737 nostri
1796 4670 2002 4758 presentibus
2026 4671 2125 4756 juxta
2146 4669 2294 4756 Sigillum

632 4785 753 4852 domini
782 4789 884 4853 nostri
906 4790 1040 4875 gratiosi
1062 4791 1157 4876 jussu
1184 4801 1296 4857 nostro
1324 4793 1465 4858 scienter
1494 4803 1545 4856 est
1571 4812 1765 4878 appensum,
1797 4791 1894 4855 Anno
1923 4788 1975 4854 die
2009 4797 2043 4854 et
2074 4788 2147 4853 loco
2178 4787 2294 4876 quibus

630 4906 778 4992 proxime
801 4926 909 4994 supra.

783 5025 827 5090 Et
860 5046 922 5108 ego
952 5025 1091 5092 Mathias
1114 5027 1232 5094 Schele
1262 5028 1399 5095 clericus
1428 5027 1696 5114 banelbergensis
1720 5027 1868 5092 Ciuitatis
1901 5025 2049 5114 publicus
2084 5025 2187 5092 Sacra
2218 5045 2294 5112 apo-

632 5143 746 5210 stoliea
778 5145 968 5210 auctoritate
1000 5145 1154 5212 Notarius
1185 5147 1367 5235 prefatique
1400 5147 1586 5213 Reuerendi
1610 5147 1650 5234 jn
1677 5145 1796 5210 cbristo
1829 5146 1930 5232 patris
1962 5153 1994 5210 et
2023 5145 2144 5210 domini
2173 5143 2294 5208 domini

633 5260 830 5350 Godschalci
852 5263 915 5329 Dei
938 5273 970 5329 et
991 5263 1169 5351 apostolice
1193 5265 1280 5331 sedis
1302 5267 1407 5352 gratia
1428 5265 1584 5354 Episcopi
1606 5265 1820 5332 Slesuicensis
1843 5273 1876 5330 ct
1892 5265 1932 5350 jn
1953 5261 2136 5328 huiusmodi
2159 5263 2292 5348 negotio
