5242 6414
1117 647 1157 714 19

308 846 419 910 uenire
441 845 495 910 vel
516 847 685 912 incausare
708 847 860 932 voluerit,
883 871 956 914 eum
977 851 1066 938 prius
1088 851 1122 916 in
1142 849 1260 937 placito
1282 848 1473 937 prouinciali
1496 849 1545 914 sui
1565 846 1696 914 herretb
1718 858 1910 936 premonest
1932 857 1965 916 et

208 955 215 966 '
308 962 456 1050 legaliter
477 967 569 1050 citet,
602 976 638 1032 vt
664 965 707 1032 ad
735 969 839 1054 ipsum
866 967 1099 1055 perlamentum
1121 970 1232 1032 veniat
1252 989 1312 1055 pro
1335 990 1371 1034 se
1394 968 1436 1032 sd
1459 967 1631 1032 obicienda
1653 966 1809 1052 legittime
1831 989 1965 1056 respon·

261 1096 291 1137 ¹2
310 1105 417 1166 surus,
449 1083 512 1148 nisi
534 1106 569 1149 se
594 1083 758 1170 legittimis
780 1085 1017 1173 impedimentis
1039 1087 1138 1152 fuisse
1161 1087 1308 1152 docuerit
1328 1087 1527 1175 impeditum.
1581 1086 1650 1151 Nos
1673 1087 1783 1171 duces,
1812 1087 1965 1173 episcopi,

307 1201 432 1287 milites,
453 1202 608 1269 militares
629 1213 761 1292 totaque
784 1203 993 1270 communitas
1015 1206 1119 1272 Dacia
1141 1212 1174 1271 ct
1197 1205 1331 1294 quilibet
1351 1228 1411 1292 pro
1433 1227 1469 1270 se
1494 1215 1629 1292 propter
1651 1227 1801 1290 magnam
1820 1205 1965 1290 graciam

308 1329 340 1386 et
360 1322 518 1387 internam
542 1320 812 1406 beniuolenciam,
840 1322 934 1388 nobis
963 1347 1023 1412 per
1051 1324 1202 1391 dilectum
1231 1323 1395 1390 dominum
1416 1334 1562 1389 nostrum
1584 1345 1698 1410 regem
1722 1322 1966 1390 Waldemarum

305 1438 486 1527 predictum
508 1443 728 1527 quamtociens
750 1453 783 1509 et
804 1442 924 1530 pluries
946 1453 1051 1527 antes,
1074 1442 1133 1508 sed
1154 1465 1239 1509 nunc
1261 1443 1444 1530 specialiter
1466 1444 1653 1530 impensam,
1677 1443 1779 1508 eciam
1802 1442 1966 1528 decatero,

306 1566 342 1624 vt
363 1580 546 1644 speramus,
575 1582 637 1646 per
666 1559 719 1625 dei
745 1563 889 1648 gracim
916 1559 1183 1647 impendendam,
1216 1563 1408 1628 vnanimiter
1430 1564 1641 1628 conuenimus
1664 1572 1697 1628 et
1717 1583 1777 1628 nos
1801 1572 1834 1627 et
1854 1583 1965 1648 quem-

307 1674 387 1743 libet
408 1686 553 1743 nostrum
574 1701 634 1766 pro
657 1700 693 1744 se
716 1679 758 1744 ad
780 1679 955 1746 tenendum
978 1681 1086 1746 omnia
1107 1689 1240 1765 statuta,
1268 1681 1531 1768 handlestnyngh
1553 1693 1586 1748 et
1608 1681 1760 1748 articulos
1782 1680 1966 1766 infrascrip-

306 1804 357 1860 tos
379 1794 439 1860 sub
461 1794 527 1861 lide
548 1805 660 1862 nostra
679 1800 893 1885 promittimus
916 1808 949 1865 et
968 1799 1103 1864 firmiter
1125 1799 1321 1886 obligemus,
1353 1809 1629 1886 recognoscentes
1657 1800 1719 1865 hoo
1747 1797 1881 1888 speciali
1903 1799 1966 1885 spi·

307 1913 386 1978 ritus
408 1915 511 1978 sancti
532 1917 659 2001 gracia,
682 1917 772 1982 cuius
793 1917 877 1983 festo
900 1916 961 1983 hec
983 1928 1056 1984 acta
1077 1928 1166 2003 sunt,
1187 1918 1282 1984 nobis
1305 1918 1473 1984 accidisse.
1522 1918 1632 1984 Primo
1655 1921 1848 2006 quicumque
1870 1917 1966 1982 infra·

309 2033 500 2119 scriptorum
520 2033 582 2098 biis
604 2035 740 2120 statutis,
763 2035 1040 2122 handlestnyngh,
1072 2036 1195 2103 iuribus
1224 2048 1257 2103 et
1279 2035 1481 2102 libertatibus
1503 2037 1550 2102 vti
1572 2047 1605 2103 et
1626 2037 1771 2123 gaudere
1793 2036 1964 2120 voluerint,

306 2149 365 2216 has
385 2162 555 2237 presentes
575 2153 699 2220 litteras
722 2174 851 2218 suorum
879 2153 1056 2240 sigillorum
1084 2156 1292 2244 opposicione
1319 2155 1534 2240 roborabunt,
1568 2163 1601 2220 et
1622 2156 1649 2221 si
1671 2177 1837 2243 apponere
1859 2154 1965 2240 sigilla

259 2291 290 2333 ra
308 2294 367 2338 sua
392 2272 568 2356 noluerint,
600 2271 661 2338 hiis
690 2270 952 2357 bandfestnyngb
980 2283 1014 2338 et
1040 2274 1163 2340 iuribus
1190 2274 1359 2340 nobiscum
1373 2295 1453 2338 non
1484 2283 1623 2340 vtantur.
1688 2274 1775 2340 Jtem
1799 2274 1827 2338 si
1848 2273 1964 2360 aliquis

306 2391 581 2477 infrascriptorum
602 2391 657 2456 vel
679 2392 871 2478 quicumque
894 2389 975 2458 alius
996 2393 1029 2457 in
1050 2415 1153 2479 regno
1169 2392 1271 2459 Decio
1290 2395 1434 2458 existens
1456 2392 1639 2458 huiusmodi
1661 2393 1786 2458 statutis
1810 2401 1843 2458 et
1864 2389 1964 2456 hand·

306 2509 480 2596 festnyngb
503 2511 663 2574 contraire
685 2508 823 2574 voluerit
844 2508 899 2574 vel
920 2513 1101 2597 oppositum
1123 2511 1252 2597 lecerit,
1284 2512 1328 2577 ad
1355 2511 1417 2576 hoc
1444 2533 1505 2576 nos
1527 2532 1639 2576 omnes
1662 2510 1831 2598 cooperari
1854 2508 1961 2574 effica-

308 2631 387 2695 citer
410 2629 582 2710 debemus,
614 2639 650 2694 vt
676 2627 858 2694 huiusmodi
886 2637 1109 2715 transgressor
1131 2641 1322 2698 statutorum
1344 2629 1522 2696 secundum
1545 2631 1749 2716 exigenciam
1771 2629 1853 2714 legis
1875 2637 1963 2693 terre

308 2747 465 2814 iudicetur
487 2757 521 2813 et
543 2747 651 2813 debite
674 2749 832 2833 punietur.
873 2749 1058 2834 specialiter
1085 2759 1198 2816 contra
1223 2749 1296 2816 illos
1325 2749 1380 2837 qui
1406 2748 1490 2814 infra
1516 2771 1652 2836 regnum
1675 2748 1779 2814 Dacis
1807 2749 1963 2834 rapinam,

306 2866 489 2932 incendium
511 2878 543 2933 et
565 2868 819 2954 captiuacionem
840 2869 960 2933 faciunt
981 2889 1020 2932 ac
1041 2868 1161 2933 auxilio
1183 2869 1237 2934 vel
1259 2869 1393 2935 consilio
1412 2868 1559 2933 dominos
1577 2878 1609 2933 et
1624 2867 1772 2932 homines
1789 2865 1963 2930 extraneos

306 2985 476 3070 inducunt,
504 2986 560 3072 qui
579 3007 682 3071 regno
704 2986 807 3051 Dacis
831 2987 961 3052 officere
983 2987 1125 3072 poterint
1147 2986 1390 3074 quomodolibet
1411 2986 1465 3053 vel
1486 3007 1615 3070 nocere,
1638 2987 1831 3073 quicumque
1854 2993 1962 3048 autem

306 3102 487 3169 huiusmodi
515 3104 624 3170 statuti
649 3113 871 3191 transgressor
899 3104 952 3170 vel
979 3105 1013 3168 in
1039 3107 1162 3170 recenti
1194 3105 1338 3171 facinore
1366 3105 1588 3192 deprehensus
1620 3103 1675 3168 vel
1706 3101 1856 3188 legaliter
1888 3122 1963 3167 oon·

258 3233 288 3274 ¹4
305 3222 410 3286 uictus
437 3223 532 3289 fuerit
558 3246 655 3311 pace,
686 3223 781 3290 bonis
808 3222 986 3310 priuabitur
1015 3233 1112 3310 atque
1144 3224 1220 3290 rita.
1286 3225 1373 3290 Jtem
1401 3225 1594 3311 quicumque
1624 3221 1877 3308 subscriptorum
1906 3218 1962 3284 vel

305 3338 455 3424 aliorum,
488 3343 717 3431 cuiuscumque
745 3352 846 3410 statos
873 3353 929 3408 aut
956 3341 1154 3408 condicionis
1181 3344 1316 3427 existat,
1349 3352 1462 3410 contra
1483 3341 1647 3408 dominum
1669 3348 1815 3404 nostrum
1838 3359 1960 3424 regem,

304 3457 404 3524 filium
427 3480 519 3525 suum
541 3482 694 3526 coronam
720 3483 783 3549 que
805 3463 908 3528 Dacie
930 3461 1115 3527 notabiliter
1137 3461 1322 3549 deliquerit,
1344 3461 1521 3527 secundum
1543 3460 1748 3545 exigenciam
1771 3457 1852 3544 legis
1874 3467 1962 3522 terre

304 3576 464 3644 iudicetur
486 3589 519 3644 et
540 3578 649 3646 debite
671 3581 821 3668 punietur
843 3590 876 3647 et
897 3579 939 3646 ad
960 3579 1023 3645 boo
1045 3601 1157 3646 omnes
1179 3583 1391 3646 communiter
1419 3591 1453 3646 et
1479 3578 1686 3666 singulariter
1714 3574 1961 3662 cooperabimur

259 3713 287 3752 ¹⁵·
307 3707 373 3762 toto
395 3718 503 3784 posse.
557 3698 644 3764 Jtem
671 3700 885 3785 promittimus
914 3721 1025 3764 omnes
1054 3707 1087 3763 et
1108 3698 1227 3784 singuli
1249 3709 1281 3764 et
1303 3699 1437 3787 quilibet
1458 3721 1518 3786 pro
1541 3720 1577 3764 se
1601 3696 1660 3764 sub
1683 3696 1748 3762 tide
1771 3693 1858 3760 bona
1880 3695 1962 3760 sicut

306 3816 412 3902 prius,
433 3838 475 3882 ue
498 3817 570 3904 quis
591 3827 737 3883 nostrum
758 3817 844 3903 apud
867 3817 1005 3905 aliquem
1028 3819 1097 3884 sine
1120 3817 1224 3884 libera
1244 3819 1380 3884 licencia
1401 3817 1535 3905 hospitis
1557 3818 1675 3882 iniuste
1699 3823 1732 3879 et
1752 3811 1961 3878 irracionabi-

304 3933 377 4000 liter
409 3934 596 4022 hospitetur.
635 3937 663 4002 si
694 3937 766 4024 quis
799 3945 907 4002 autem
938 3946 1082 4002 nostrum
1114 3937 1391 4024 infrascriptorum
1418 3937 1473 4002 vel
1500 3936 1553 4023 alij
1586 3936 1778 4023 quicumque
1800 3933 1833 3996 in
1854 3951 1959 4016 regno

304 4052 423 4138 Dacie,
452 4053 542 4142 quod
562 4053 662 4138 absit,
690 4055 871 4142 oppositum
893 4055 1030 4120 fecerint
1052 4065 1084 4122 et
1105 4056 1133 4120 si
1154 4057 1187 4120 in
1208 4057 1331 4122 recenti
1352 4056 1495 4122 facinore
1520 4052 1713 4141 deprehensi
1735 4050 1789 4115 vel
1810 4047 1960 4136 legaliter

305 4173 444 4237 conuicti
472 4171 605 4254 luerint,
638 4181 802 4259 tamquam
822 4173 943 4261 publici
970 4172 1111 4238 latrones
1139 4173 1320 4240 iudicentur
1347 4183 1380 4240 et
1407 4172 1584 4239 secundum
1612 4172 1705 4258 leges
1733 4178 1819 4236 terre
1848 4167 1958 4233 debite

258 4311 288 4352 ra
304 4291 485 4376 punientur,
507 4291 602 4357 etad
624 4291 686 4357 boc
707 4291 903 4358 coadiuuare
926 4291 1082 4357 debemus
1103 4300 1171 4357 toto
1192 4313 1301 4379 posse.
1344 4292 1431 4357 Jtem
1452 4291 1687 4378 parlamentum
1709 4287 1797 4375 quod
1819 4284 1964 4351 danehof

305 4406 419 4474 dicitnr
442 4408 587 4496 quolibet
613 4431 697 4476 anno
719 4412 758 4498 ju
786 4411 839 4478 die
866 4411 1041 4476 natiuitatis
1064 4409 1151 4476 beati
1172 4410 1329 4476 Jobannis
1351 4409 1489 4496 baptiste
1507 4410 1546 4496 jn
1568 4407 1670 4473 tribus
1694 4405 1824 4494 quidem
1846 4405 1957 4491 primis

304 4528 395 4592 annis
422 4529 578 4616 proximis
606 4540 639 4594 et
667 4530 825 4594 continuis
852 4530 885 4594 in
911 4527 1149 4614 Kaluodborgh
1176 4526 1298 4592 stillis
1324 4527 1426 4594 tribus
1454 4529 1547 4592 annis
1574 4526 1693 4612 elapsis
1720 4526 1825 4611 ipsum
1854 4522 1959 4609 perla-

303 4654 445 4710 mentum
466 4647 612 4732 predicto
635 4645 687 4712 die
709 4647 797 4712 beati
817 4646 974 4713 iohannis
997 4647 1159 4710 annuatim
1176 4648 1216 4734 jn
1237 4645 1395 4731 Nyborgh
1425 4643 1622 4728 celebretur,
1654 4651 1750 4730 prout
1779 4643 1954 4730 antiquitus

304 4773 354 4828 est
375 4774 573 4832 consuetum.
597 4767 625 4830 si
646 4775 752 4832 autem
774 4765 889 4853 aliquis
910 4766 1014 4851 ipsum
1036 4763 1270 4850 parlamentum
1292 4765 1423 4829 visitare
1445 4763 1598 4847 voluerit,
1628 4783 1733 4846 mera,
1755 4759 1902 4846 perlecta
1923 4769 1956 4826 et

302 4879 388 4946 bona
399 4884 570 4950 securitate
582 4884 623 4950 ad
636 4884 830 4972 quindenam
842 4893 916 4950 ante
928 4881 1014 4949 etad
1027 4881 1222 4968 quindenam
1233 4892 1307 4970 post
1319 4883 1438 4948 dictum
1450 4881 1535 4947 diem
1547 4878 1795 4946 beatidohsnnis
1809 4877 1953 4966 plenarie

301 5001 499 5086 perfruatur,
520 5027 617 5090 quam
637 5004 767 5092 quidem
786 5004 991 5068 securitatem
1009 5001 1185 5086 infringere
1206 5001 1364 5067 nolumus.
1393 5010 1425 5066 et
1443 5002 1469 5064 si
1487 4999 1602 5087 aliquis
1621 5008 1766 5066 nostrum
1791 4997 1844 5062 vel
1871 4997 1954 5063 alter

301 5120 404 5207 ipsam
424 5124 628 5188 securitatem
646 5121 826 5210 aliqualiter
837 5121 1014 5208 infregerit,
1027 5141 1066 5185 eo
1078 5121 1149 5207 ipso
1160 5141 1278 5206 penam
1291 5118 1500 5184 orbodemaal
1511 5119 1591 5185 sciat
1603 5141 1638 5184 se
1649 5139 1828 5205 passurum.
1852 5118 1952 5206 siquis

242 5226 246 5234 ’
303 5247 409 5304 sutem
430 5241 533 5326 ipsam
554 5263 672 5327 penam
693 5239 901 5306 orbodemsal
922 5239 1085 5320 inciderit,
1117 5259 1177 5326 per
1199 5237 1362 5304 dominum
1382 5248 1527 5304 nostrum
1547 5260 1676 5325 regem,
1704 5235 1896 5301 aduocatum
1917 5247 1953 5304 et

1737 5357 1754 5406 8
