5088 6416
1849 701 1887 768 11

1067 903 1129 962 1⁰.

329 1037 546 1104 Testimonium
562 1039 809 1126 presbyterorum
828 1038 864 1102 s'a
886 1037 1034 1126 Steppiap
1054 1052 1083 1104 at
1107 1039 1279 1126 lbyrstrnp
1300 1037 1339 1102 de
1359 1037 1462 1124 oj'ficsb
1483 1051 1512 1103 et
1531 1039 1718 1105 institutione
1739 1039 1875 1106 untedio
2008 991 2010 1001 Ι

913 1159 948 1222 io
969 1158 1096 1223 ecclesia
1117 1159 1285 1246 collcpiuta.
1442 1177 1444 1182 ·

1654 1246 1732 1310 1415,
1752 1249 1765 1297 1
1783 1245 1865 1313 epm.

274 1379 385 1444 Litora
411 1376 502 1465 quod
531 1376 650 1444 Custos
680 1377 829 1444 Ecclesia
858 1378 1131 1444 Hadersleuensis
1166 1400 1227 1465 per
1255 1378 1430 1444 Cantorem
1465 1387 1498 1442 et
1526 1376 1709 1465 Capitulum
1739 1381 1934 1445 coniunctim

877 1507 1059 1562 assumetur
1081 1504 1114 1562 et
1135 1506 1331 1584 acceptetur.

428 1613 587 1680 Omnibus
615 1635 752 1700 presens
782 1617 936 1702 scriptum
964 1614 1172 1682 cernentibus
1204 1614 1357 1680 Nicolaus
1379 1616 1515 1701 Amagee
1544 1615 1585 1680 de
1609 1617 1804 1704 Steppingb,
1837 1617 1933 1703 Aghc

277 1735 318 1800 de
341 1734 560 1820 Tbuorstorp,
581 1733 771 1820 presbiteri,
795 1729 940 1798 Salutem
962 1735 995 1799 in
1018 1733 1148 1798 domino
1172 1735 1411 1820 sempiternam.
1456 1735 1625 1800 Vniuersis
1648 1745 1681 1800 et
1703 1735 1837 1822 singulis
1861 1757 1936 1800 oon-

277 1862 364 1919 stare
392 1851 541 1917 volemus
572 1851 760 1936 euidenter,
793 1853 881 1940 quod
910 1853 1014 1940 quiuis
1039 1852 1157 1918 Custos
1165 1901 1174 1937 ,
1208 1855 1263 1940 qui
1289 1873 1350 1940 per
1377 1853 1508 1939 triginta
1531 1874 1632 1918 annos
1655 1853 1820 1920 adultere
1843 1875 1937 1942 paro-

278 1971 380 2038 chiale
414 1970 511 2036 beate
545 1971 681 2056 virginis
714 1972 747 2035 in
774 1971 926 2038 Ecclesia
955 1971 1138 2056 Collegiata
1164 1972 1420 2038 Hadersleuensi
1452 1972 1624 2056 seruierat,
1656 1971 1744 2036 idem
1772 1973 1875 2038 eciam
1903 1973 1937 2036 in

278 2090 377 2157 cboro
407 2089 492 2154 dicte
520 2088 659 2154 ecclesie
682 2091 831 2173 seruiuit,
867 2100 901 2156 et
922 2092 1030 2155 omnia
1053 2091 1160 2156 officia
1183 2088 1336 2156 Custodia
1357 2092 1391 2156 in
1413 2091 1513 2156 choro
1535 2089 1662 2174 habuit,
1695 2091 1849 2156 videlicet
1870 2089 1938 2178 pul-

279 2209 386 2292 sandi,
407 2210 517 2294 ignem
541 2216 574 2272 et
596 2231 715 2296 aqvam
737 2209 910 2294 afferendi,
932 2211 1119 2296 matutinas,
1141 2211 1273 2274 missam
1295 2230 1466 2294 summam,
1488 2231 1660 2297 vesperas,
1683 2219 1717 2275 et
1738 2210 1817 2275 alias
1838 2209 1937 2274 horas

279 2329 452 2394 canonicas
483 2326 653 2412 visitandi,
686 2349 748 2392 nec
777 2349 844 2392 non
871 2325 978 2394 omnia
1007 2327 1070 2392 alia
1100 2329 1207 2393 officia
1234 2329 1303 2394 siue
1334 2329 1471 2393 seruicia
1498 2329 1541 2394 ed
1563 2329 1730 2396 custodem
1753 2329 1939 2416 spectancia

278 2445 495 2529 ministrandi,
527 2443 759 2510 Niobilominus
788 2445 929 2536 officium
953 2445 1108 2512 Custodie
1140 2446 1298 2514 dictorum
1326 2446 1434 2512 alteris
1463 2457 1496 2512 et
1524 2448 1614 2513 chori
1641 2446 1683 2512 ad
1712 2447 1815 2512 dictos
1836 2445 1939 2512 XXX

279 2586 381 2630 annos
404 2573 437 2628 et
458 2564 543 2628 vltra
570 2565 723 2630 extiterat
744 2565 882 2649 vnitum,
904 2587 967 2631 uec
987 2565 1073 2630 ullus
1096 2567 1278 2653 quicunque
1301 2565 1343 2631 ad
1364 2566 1595 2632 instituendum
1618 2588 1676 2631 seu
1697 2565 1741 2630 ad
1764 2565 1939 2630 destituen-

281 2686 356 2752 dum
382 2682 522 2770 aliquem
549 2684 582 2747 in
611 2681 779 2748 custodem
806 2685 838 2748 in
868 2685 955 2749 dicta
982 2683 1122 2750 ccclesia
1143 2684 1413 2769 Hadersleuensi,
1445 2686 1507 2750 nisi
1536 2684 1658 2750 Cantor
1688 2693 1720 2749 et
1743 2683 1938 2770 Capitulum,

278 2827 313 2868 se
341 2801 524 2890 aliqualiter
550 2801 737 2885 intromisit,
770 2823 833 2889 que
862 2802 894 2866 in
923 2802 1026 2868 verbo
1054 2804 1200 2869 veritatis
1229 2814 1262 2868 et
1289 2804 1321 2868 in
1344 2805 1463 2870 nostris
1486 2803 1574 2874 veris,
1595 2777 1800 2872 conscientiis
1822 2804 1855 2867 in
1877 2802 1939 2866 biis

279 2922 407 3008 scriptis
429 2919 536 2986 lucide
558 2929 792 3007 protestamur,
825 2918 941 3006 Sigilla
968 2931 1080 2988 nostra
1106 2921 1313 3008 presentibus
1334 2922 1567 3010 appendentes.
1612 2920 1733 2985 Datum
1754 2919 1941 3004 Haderslet',

278 3041 373 3106 Auno
394 3039 528 3104 Domini
549 3038 596 3102 Mo
608 3037 844 3104 ccccoxvo.
869 3039 1013 3105 secunda
1032 3039 1116 3105 feria
1136 3041 1267 3127 pasche.
1540 3059 1664 3126 (Region.
1682 3057 1778 3126 Capit.)

678 3428 769 3515 Kottp
789 3429 889 3494 Enlts
910 3429 1112 3516 Priortepznm
1124 3429 1186 3516 for
1207 3429 1383 3496 Haderslev
1409 3431 1536 3516 Capitol,
1840 3516 1846 3528 Ι

819 3582 1030 3667 Privilegium
1052 3583 1141 3648 Erici
1162 3584 1263 3670 Regis
1284 3585 1398 3649 Daci&
1646 3517 1724 3580 ¹4¹⁵¹
1742 3519 1774 3566 ²¹
1792 3515 1857 3567 Μ’·

431 3699 498 3766 Wii
519 3701 602 3766 Erik
628 3701 716 3767 metb
744 3701 849 3788 gudbs
878 3700 985 3765 nadhe
1013 3701 1199 3766 Danmarlrs
1222 3702 1407 3790 Suerighcs
1430 3701 1559 3788 Norges
1583 3701 1730 3768 Wendes
1760 3722 1799 3765 oc
1829 3697 1941 3765 Godes

281 3819 435 3905 Koningh
458 3841 498 3883 oc
520 3819 670 3905 Hertugb
697 3820 708 3884 i
730 3821 871 3884 Pomorn
904 3818 994 3883 helse
1017 3818 1079 3884 alle
1101 3819 1156 3885 tbe
1180 3843 1251 3886 som
1271 3821 1382 3886 thena
1404 3819 1492 3885 breff
1511 3841 1566 3885 ree
1590 3819 1669 3885 eller
1690 3819 1779 3903 hore,
1806 3815 1941 3903 kaerlige

284 3937 372 4002 metb
394 3937 484 4020 gudh
506 3959 546 4003 oc
564 3959 633 4002 wor
650 3937 767 4024 nadhe,
791 3938 841 4003 Oc
863 3937 1022 4022 tangere,
1044 3949 1078 4004 at
1099 3937 1178 4004 force
1201 3948 1331 4028 troscap
1355 3959 1394 4004 oc
1416 3937 1600 4022 tbiaenistae,
1623 3959 1693 4004 scm
1714 3937 1824 4004 thessa
1846 3935 1942 4000 breff-

283 4057 414 4141 wisera,
452 4056 590 4141 Cantor,
620 4057 824 4122 Canikaernae
862 4077 901 4120 oc
926 4056 997 4120 thet
1017 4065 1144 4141 gantae
1169 4056 1309 4145 Capittel
1337 4057 1384 4122 aff
1401 4055 1614 4124 Hadberslo'ff
1638 4077 1708 4140 oss,
1740 4055 1871 4142 Riiglret
1903 4075 1942 4119 oc

283 4195 369 4238 ware
393 4175 624 4241 effterkommae
646 4177 706 4240 her
728 4177 822 4240 effter
844 4175 964 4240 trolioae
987 4182 1068 4260 gbre
1093 4174 1201 4260 skule,
1230 4176 1286 4242 tha
1313 4175 1396 4241 haue
1419 4177 1472 4240 wii
1492 4175 1606 4262 teghet
1626 4175 1729 4258 them,
1750 4175 1843 4239 there
1865 4183 1942 4259 gotz

284 4311 323 4355 oo
351 4291 550 4359 wordhnede
578 4296 590 4359 i
616 4317 685 4360 wor
714 4268 905 4360 sonnerlioae
933 4315 1061 4358 waeaern
1088 4294 1185 4359 triidb
1214 4316 1253 4359 oc
1280 4294 1368 4382 beyn
1397 4293 1586 4360 sonnerlicae
1615 4302 1648 4358 at
1677 4315 1803 4358 wsernse
1826 4315 1865 4358 oc
1888 4290 1943 4356 be·

283 4409 432 4495 skermae,
456 4433 495 4477 oc
517 4435 604 4477 vnne
627 4415 680 4478 wii
701 4413 789 4480 them
811 4433 850 4477 oc
872 4434 941 4478 wor
962 4413 1073 4478 fruwae
1085 4412 1189 4478 Kirka
1212 4415 1224 4477 i
1244 4413 1321 4478 then
1344 4434 1465 4478 semme
1488 4421 1552 4478 stat
1573 4411 1635 4478 alle
1657 4411 1711 4478 the
1733 4409 1942 4494 wordbnede,

283 4526 365 4615 byer
385 4552 424 4596 oc
441 4539 527 4617 gotz,
550 4554 620 4597 som
637 4532 694 4598 tbii
710 4533 794 4598 haue
812 4531 900 4597 baffd
920 4553 957 4596 oc
975 4529 1127 4596 besiddet
1142 4531 1226 4597 haue
1245 4531 1292 4596 till
1314 4533 1433 4598 thenne
1450 4531 1530 4597 tiidh
1553 4553 1592 4596 oc
1613 4531 1667 4596 tbe
1691 4552 1760 4596 som
1782 4529 1836 4595 the
1858 4551 1910 4592 nw
1932 4528 1943 4592 i

283 4669 378 4714 waere
408 4648 491 4716 haue
522 4651 575 4716 frii
603 4673 642 4716 oc
672 4653 775 4740 qwiit,
809 4671 876 4716 swc
904 4659 938 4714 at
964 4649 1017 4715 the
1047 4649 1140 4715 skule
1167 4650 1256 4716 them
1282 4651 1408 4738 brugho
1439 4674 1477 4716 oc
1506 4650 1595 4716 moth
1616 4649 1679 4716 alle
1701 4650 1852 4734 Konggae
1874 4656 1942 4731 raet,

283 4765 514 4854 Forbudben1)
542 4767 585 4834 all
607 4791 695 4836 wore
722 4769 881 4856 fogheder
902 4769 1114 4834 aembitzmaen
1142 4790 1181 4834 oc
1209 4769 1271 4835 alle
1298 4771 1353 4836 tbe
1383 4791 1454 4834 som
1471 4768 1541 4836 fore
1565 4791 1633 4834 wor
1655 4767 1773 4856 skyldh
1796 4775 1877 4853 gere
1901 4788 1940 4831 oc

282 4882 378 4949 ladbe
401 4885 501 4971 wille,
522 4885 730 4976 beskattinge
754 4911 798 4975 og
818 4886 1031 4971 berwarelse,
1064 4886 1189 4953 vdboth
1210 4887 1315 4954 allone
1343 4888 1582 4974 vnnentagbet,
1614 4887 1692 4953 hvat
1714 4905 1785 4952 som
1805 4885 1941 4970 Riigens

282 5003 391 5069 ndedb
413 5027 501 5092 vppa
522 5005 699 5092 liggendbe
727 5031 782 5074 ser.
827 5008 949 5072 Datum
975 5006 1177 5073 Flensborcb
1197 5008 1292 5073 Anno
1315 5008 1447 5072 Domini
1468 5008 1513 5074 M.
1527 5005 1645 5073 CCCC
1669 5006 1780 5093 quinto
1803 5003 1954 5088 decimo,¹

281 5122 314 5187 in
334 5122 480 5210 profesto
503 5123 599 5190 beate
615 5127 718 5192 Marie
730 5112 938 5212 Magdalene,
959 5135 1071 5192 nostro
1094 5126 1154 5192 sub
1177 5134 1303 5192 secreto
1320 5125 1526 5213 presentibus
1544 5125 1691 5212 apposito
1709 5121 1918 5212 impendenti.

351 5311 373 5378 ι)
392 5313 585 5380 Fortpuaniua
1502 5245 1626 5314 (Region.
1644 5243 1740 5312 Capit)
