5242 6414
1456 635 1498 700 22

647 837 753 904 nullus
783 838 954 924 episcopus
984 857 1042 901 seu
1069 834 1178 922 aliqua
1206 835 1270 901 alia
1295 857 1437 924 persona
1464 836 1684 902 ecclesiastiea
1711 835 1869 921 capiatur,
1903 833 2015 900 exulet
2041 793 2095 898 vbl
2121 831 2217 898 bonis
2239 833 2305 897 suis

647 958 807 1044 priuetur,
840 955 904 1020 nisi
928 977 989 1042 per
1019 976 1111 1019 suum
1138 954 1278 1020 iudicem
1306 955 1559 1020 ecclesiasticum
1586 955 1682 1020 suerit
1709 955 1864 1019 canonice
1894 953 2070 1018 conuictus.
2124 951 2212 1017 Jtem
2239 973 2305 1018 non
2333 970 2353 1011 a

646 1083 824 1162 grauentur
851 1075 1048 1138 monasteria
1075 1073 1129 1138 vel
1158 1072 1378 1138 ecclesiastice
1407 1095 1547 1161 persone
1576 1096 1637 1160 per
1659 1095 1761 1161 equos
1784 1081 1817 1137 et
1838 1093 1936 1138 canes
1957 1070 2151 1158 pascendos.
2216 1072 2303 1137 Jtem
2332 1090 2353 1130 ο.

647 1193 753 1259 nullus
776 1193 965 1258 intromittat
994 1190 1102 1257 sede
1129 1191 1224 1256 bonis
1246 1191 1437 1257 clericorum
1460 1191 1691 1258 decedencium
1715 1192 1784 1256 sine
1808 1213 1938 1256 suorum
1960 1189 2116 1256 heredum
2138 1189 2304 1255 voluntate

646 1309 701 1378 vel
724 1311 888 1397 ordinarij.
931 1310 1019 1375 Jtem
1041 1319 1077 1375 vt
1099 1331 1210 1374 omnes
1232 1308 1349 1374 milites
1371 1320 1404 1374 et
1424 1311 1579 1376 militares
1602 1312 1754 1395 armigeri
1777 1310 1817 1374 de
1840 1315 1971 1396 propria
1991 1307 2112 1373 familia
2134 1308 2304 1375 emendam
2322 1326 2352 1369 ro

646 1431 742 1496 trium
764 1429 966 1496 marcharum
988 1427 1041 1492 vel
1063 1451 1195 1513 nouem,
1229 1430 1406 1495 secundum
1429 1428 1694 1494 consuetudinem
1717 1427 1888 1493 cuiuslibet
1908 1437 2010 1510 terre,
2039 1428 2078 1513 jn
2101 1449 2304 1515 quocumque

646 1547 765 1636 placito
790 1547 928 1612 seculari
950 1548 1193 1630 conuincantur,
1214 1549 1396 1634 percipient
1416 1547 1518 1612 libere
1542 1557 1575 1613 et
1596 1546 1690 1631 vltra,
1712 1547 1738 1611 si
1761 1545 1804 1610 ad
1826 1546 1888 1612 hoe
1910 1547 2076 1611 extiterint
2096 1544 2303 1632 priuilegiati.

646 1667 734 1734 Jtem
762 1688 828 1731 non
856 1675 1014 1752 cogantur
1042 1667 1089 1730 ire
1118 1666 1151 1730 in
1174 1667 1373 1731 excercitum
1395 1675 1490 1732 extra
1510 1688 1663 1752 regnum,
1696 1677 1729 1730 et
1757 1665 2026 1753 quandocumque
2053 1663 2097 1728 ad
2118 1664 2305 1729 mandatum
2322 1685 2353 1725 ιι.

645 1785 752 1869 regis,
786 1785 854 1848 siue
876 1785 960 1848 intra
980 1805 1117 1868 reguum
1139 1785 1207 1848 siue
1220 1795 1340 1869 extra,
1361 1783 1505 1850 bellandi
1527 1807 1625 1850 causa
1645 1786 1777 1868 iuerint,
1805 1805 1868 1849 rex
1888 1785 1992 1870 ipsos,
2021 1783 2049 1846 ei
2071 1783 2156 1869 capti
2177 1780 2305 1866 fuerint,

648 1901 690 1968 de
713 1903 897 1990 captiuitate
920 1902 1057 1967 redimat
1079 1901 1247 1989 expedite,
1271 1903 1384 1967 saltem
1406 1902 1490 1967 infra
1511 1925 1644 1987 annum,
1667 1913 1700 1968 et
1722 1924 1819 1989 supra
1840 1901 1976 1988 perditis
1999 1900 2189 1984 satisfaciat,
2219 1911 2306 1965 ante·

647 2043 744 2109 quarn
767 2018 959 2086 secundario
982 2042 1093 2085 secum
1114 2021 1161 2084 ire
1182 2021 1217 2085 in
1240 2022 1437 2086 excercitum
1458 2019 1644 2104 iubeantur,
1674 2020 1876 2086 libertatibus
1914 2021 1980 2086 suis
2008 2019 2170 2107 pristinis,
2204 2019 2307 2083 eciam

648 2140 676 2204 si
696 2161 763 2203 non
784 2139 910 2223 inerint,
933 2139 980 2204 eis
1002 2139 1225 2223 nichilominus
1248 2140 1459 2204 conseruatis.
1492 2139 1581 2205 Jtem
1602 2149 1637 2206 vt
1658 2161 1794 2226 guerras
1817 2148 1929 2204 contra
1951 2137 2092 2225 aliquem
2112 2159 2174 2202 rex
2194 2136 2303 2201 incho-
2319 2161 2350 2202 ιι

648 2279 705 2324 are
732 2279 797 2322 non
825 2255 945 2322 debeat
970 2259 1033 2322 nisi
1061 2281 1133 2348 epm
1161 2257 1294 2322 consilio
1324 2268 1357 2323 et
1384 2280 1544 2324 consensu
1572 2257 1771 2344 prelatorum
1798 2279 1837 2322 ac
1857 2258 1953 2343 regni
1973 2257 2151 2343 pociorum.
2216 2257 2305 2322 Jtem
2322 2279 2352 2321 ra

649 2378 842 2465 quicumque
865 2385 969 2441 terras
992 2398 1067 2441 suas
1088 2377 1205 2442 iniuste
1228 2376 1379 2440 amiserat
1401 2397 1460 2461 per
1481 2399 1633 2442 coronam
1655 2377 1764 2462 regni,
1786 2374 1857 2440 illas
1879 2374 2038 2440 rehabere
2062 2374 2198 2458 debeat,
2223 2383 2256 2439 et
2278 2375 2306 2438 si

648 2495 763 2583 aliquis
793 2516 837 2558 ex
864 2505 955 2581 parte
983 2495 1071 2580 regie
1101 2504 1220 2559 terram
1248 2495 1294 2558 sic
1322 2503 1519 2581 resumptam
1547 2505 1580 2561 et
1606 2495 1785 2561 rehabitam
1807 2495 2010 2582 jmpecierit,
2043 2493 2104 2557 hoc
2134 2493 2308 2558 duodecim

649 2612 782 2678 discreti
810 2618 843 2676 et
871 2614 1023 2677 autentici
1050 2613 1112 2678 viri
1140 2635 1198 2699 per
1226 2613 1414 2698 episcopum
1440 2611 1524 2678 illius
1553 2613 1704 2700 dyocesis
1732 2613 1919 2677 nominandi
1947 2610 2007 2677 sub
2031 2613 2218 2698 juramento
2249 2632 2307 2676 suo

648 2729 875 2797 terminabunt.
930 2731 1018 2796 Jtem
1046 2730 1152 2796 nullus
1185 2731 1268 2795 infra
1300 2753 1410 2795 sacros
1439 2731 1570 2796 ordines
1600 2733 1790 2797 constitutus
1821 2731 2005 2797 admittatur
2034 2705 2095 2818 per
2121 2751 2235 2815 regem
2264 2728 2306 2793 ad
2325 2751 2355 2792 ιι.

647 2849 789 2936 aliquam
810 2848 1020 2914 aduocaciam
1042 2849 1267 2936 temporalem,
1301 2848 1360 2915 sed
1389 2851 1534 2917 instituat
1562 2850 1663 2915 laicos
1689 2851 1838 2938 ydoneos
1867 2861 1899 2915 et
1921 2851 2080 2914 discretos
2102 2871 2162 2936 pro
2188 2848 2308 2914 talibus

649 2968 762 3032 officiis
781 2968 1005 3033 excercendis.
1024 2969 1063 3054 jn
1074 2969 1190 3055 quibus
1203 2969 1316 3034 officiis
1326 2969 1353 3034 si
1366 2967 1552 3034 notabiliter
1564 2968 1767 3056 deliquerint,
1779 2991 1839 3055 pro
1852 2968 2042 3034 excessibus
2055 2968 2121 3032 suis
2136 2966 2309 3033 emendent

649 3095 682 3152 et
693 3107 867 3173 numquam
880 3086 1032 3152 decatero
1045 3087 1088 3152 ad
1098 3087 1176 3153 talia
1187 3089 1294 3153 officia
1305 3087 1522 3153 admittantur.
1554 3088 1641 3153 Jtem
1653 3087 1846 3174 jnimicicias
1863 3095 1896 3153 et
1913 3087 2131 3152 dissensiones
2144 3109 2310 3174 quascum-
2327 3109 2357 3150 n.

648 3227 711 3292 que
728 3227 789 3270 rex
801 3213 834 3270 et
845 3205 1000 3270 officiales
1013 3207 1062 3270 sui
1073 3207 1157 3271 inter
1167 3206 1350 3293 regnicolas
1362 3227 1420 3292 pro
1432 3215 1500 3271 toto
1512 3227 1609 3292 posse
1622 3206 1741 3271 cedare
1754 3205 1894 3270 debeant
1907 3215 1939 3270 et
1951 3205 2069 3292 sopire.
2103 3206 2189 3272 Jtem
2204 3205 2309 3270 nullus
2327 3228 2351 3269 ιι

648 3323 828 3410 ceptiuetur
848 3324 911 3388 nisi
932 3334 1047 3410 sponte
1069 3325 1236 3391 confessus
1258 3327 1291 3389 in
1312 3327 1381 3389 iure
1403 3333 1459 3390 aut
1479 3322 1633 3409 legittime
1657 3325 1823 3390 conuictus
1844 3322 1898 3390 vel
1920 3326 1952 3388 in
1973 3323 2144 3389 manifesto
2166 3301 2309 3390 facinore

649 3440 871 3528 deprehensus
893 3442 998 3525 luerit,
1020 3464 1080 3529 pro
1103 3463 1167 3528 quo
1190 3443 1368 3507 secundum
1389 3442 1481 3527 leges
1503 3452 1589 3507 terre
1612 3444 1679 3508 vita
1701 3463 1814 3508 carere
1837 3440 1957 3508 debeat
1979 3443 2048 3508 siue
2072 3440 2225 3507 menbris.
2250 3441 2309 3508 sed

649 3560 815 3624 conuictus
837 3557 992 3644 legittime
1015 3558 1161 3625 inducias
1184 3561 1330 3645 fugiendi
1351 3560 1471 3627 habeat
1493 3569 1587 3625 extra
1608 3582 1761 3645 regnum,
1795 3583 1857 3646 que
1885 3562 1917 3624 in
1939 3559 2029 3626 libris
2051 3559 2211 3646 legalibus
2234 3582 2308 3625 eon·

647 3677 800 3742 tinentur.
853 3699 913 3764 pro
942 3699 1143 3764 quacumque
1174 3679 1277 3743 eciam
1304 3701 1403 3744 causa
1431 3678 1515 3744 vltra
1541 3678 1584 3764 id,
1608 3678 1695 3765 quod
1716 3679 1749 3743 in
1770 3678 1899 3763 legibus
1921 3699 2113 3766 expressum
2136 3689 2195 3764 est,
2224 3701 2310 3766 pena

649 3796 837 3882 pecuniaria
857 3795 912 3860 vel
934 3795 997 3860 alia
1017 3795 1169 3882 puniatur
1190 3796 1310 3881 nullus,
1332 3817 1394 3861 nec
1414 3797 1567 3863 multetur
1588 3797 1718 3884 aliquis,
1746 3798 1807 3861 nisi
1828 3799 1917 3883 prius
1939 3797 2096 3884 legittime
2120 3799 2161 3865 sit
2182 3800 2310 3864 conuic-

651 3921 713 3979 tus.
766 3912 855 3978 Jtem
884 3914 971 4002 quod
1000 3935 1110 3978 omnes
1139 3912 1230 3999 leges
1258 3919 1346 4001 regis
1369 3916 1568 4003 Woldcmarj
1598 3916 1680 4002 legis
1710 3915 1820 3981 latoris
1843 3915 1927 3980 hone
1950 3917 2122 4000 memorie,
2153 3925 2250 4003 prout
2270 3917 2304 3981 in
2322 3935 2352 3978 ιι.

652 4033 718 4098 suis
739 4032 830 4097 libris
852 4032 1012 4119 legalibus
1040 4032 1258 4118 eontinentur,
1291 4037 1352 4100 nisi
1379 4034 1473 4101 aliter
1499 4058 1559 4121 per
1587 4035 1759 4122 priuilegia
1786 4044 1819 4100 et
1846 4034 2075 4121 handfestning
2101 4035 2307 4122 reperiantur
2380 4033 2401 4073 ''⁴'‘

651 4151 835 4216 modificate
857 4161 891 4217 et
912 4151 1091 4235 declarate,
1116 4151 1320 4217 inuiolabiter
1343 4153 1566 4220 obseruentur.
1620 4155 1708 4220 Jtem
1730 4175 1842 4218 omnes
1864 4153 2037 4218 abusiones
2061 4163 2093 4218 et
2116 4152 2307 4219 dissuetudi-
2325 4175 2356 4217 ιιι

652 4291 710 4334 nes
733 4279 846 4334 contra
868 4268 958 4355 leges
980 4281 1066 4336 terre
1088 4272 1270 4338 introducte
1293 4295 1353 4358 per
1375 4294 1594 4360 quoscumque
1616 4274 1744 4360 penitus
1765 4274 1799 4336 in
1819 4274 1943 4338 irritum
1966 4283 2162 4337 reuocentur
2183 4283 2216 4338 et
2237 4294 2309 4359 pre·

653 4389 747 4475 cipue
768 4389 981 4475 infrascripta,
1004 4411 1138 4476 quarum
1161 4393 1264 4477 prima
1286 4401 1336 4457 est
1358 4391 1446 4479 quod
1468 4390 1618 4456 victualia
1635 4393 1735 4475 regis,
1757 4392 1869 4456 vxnris
1891 4411 1958 4473 sue,
1981 4412 2155 4477 puerorum
2177 4413 2308 4456 suorum

653 4517 686 4573 et
708 4506 845 4594 dapiferi
865 4505 1045 4594 plaustrere
1067 4531 1132 4573 non
1155 4509 1277 4574 debent
1297 4509 1467 4575 bundones
1489 4510 1577 4594 regis
1599 4508 1683 4573 vltra
1704 4509 1821 4574 limites
1851 4509 1900 4574 sui
1928 4509 2072 4592 haeraeth,
2107 4521 2140 4574 et
2167 4511 2308 4596 quicum·

653 4647 716 4712 que
739 4623 848 4690 hundo
870 4626 959 4712 regis
980 4629 1014 4692 in
1035 4627 1244 4715 plaustrando
1268 4627 1438 4712 defecerit,
1471 4627 1614 4692 officialis
1637 4629 1724 4713 regia
1747 4627 1908 4692 conducet
1929 4627 2121 4714 plaustrum,
2152 4628 2308 4693 deficiens

653 4765 717 4830 que
739 4742 843 4808 soluat
865 4745 1009 4832 precium
1031 4767 1104 4810 cum
1125 4745 1229 4811 tribus
1251 4745 1398 4812 marchis.
1444 4746 1533 4812 Jtem
1557 4748 1643 4834 quod
1668 4745 1838 4811 bundones
1861 4767 1925 4810 non
1949 4745 2070 4811 debent
2092 4745 2241 4833 compelli
2263 4745 2305 4810 ad
2322 4769 2354 4814 ιι.

652 4861 907 4927 reedificandum
933 4863 987 4928 vel
1014 4863 1230 4952 reparandum
1260 4869 1365 4930 curias
1390 4866 1516 4950 regias,
1555 4863 1739 4930 molendina
1765 4885 1827 4929 nee
1855 4865 1956 4930 eciam
1986 4875 2107 4948 castra,
2146 4865 2207 4929 nisi
2235 4885 2308 4929 curn

654 4978 788 5044 consilio
811 4989 844 5044 et
865 5001 1026 5046 consensu
1048 4984 1140 5068 regni
1163 4985 1339 5070 pociorum.
1396 4983 1482 5048 Jtem
1505 5005 1591 5048 noua
1612 4983 1801 5070 grauamina
1822 4983 1948 5048 nouiter
1975 4982 2120 5066 inducta,
2153 4981 2308 5048 videlicet
2324 5007 2357 5052 ao

653 5097 751 5164 tinda
773 5097 881 5182 shaat,
903 5099 1052 5164 ammodo
1073 5123 1139 5166 non
1159 5110 1311 5188 petantur
1331 5124 1394 5167 nec
1415 5104 1610 5189 recipiantur
1631 5123 1691 5188 per
1714 5123 1958 5188 quemcumque.
2012 5102 2100 5168 Jtem
2122 5100 2245 5166 licitum
2266 5103 2307 5167 sit
2323 5127 2353 5168 ιι

655 5213 861 5283 bundonibus
886 5218 1035 5306 proprias
1062 5227 1166 5284 terras
1194 5218 1387 5286 habentibus
1414 5220 1648 5287 villicacionem
1676 5217 1811 5284 aliorum
1838 5243 1983 5306 sumere,
2010 5223 2062 5308 jta
2088 5231 2197 5285 tamen
2219 5218 2307 5307 quod
