5088 6416
1892 657 1910 731 l

296 876 330 932 to
364 864 557 930 hodcrsleue
570 911 573 918 -
587 863 676 929 schal
704 861 830 945 bliuen,
864 860 976 926 Dorch
1003 859 1168 931 Vrouweu
1197 857 1369 925 Elisabeth
1402 857 1462 927 der
1489 857 1586 924 lande
1615 857 1789 946 Slesnwig,
1822 861 1964 930 Holstcn

720 979 829 1045 vnnde
853 980 1020 1046 Stormarn
1041 977 1210 1065 lurstynne
1234 976 1292 1042 dar
1312 987 1347 1042 to
1370 976 1535 1062 getekent.

448 1101 617 1168 Vniuersis
630 1100 751 1166 Christi
761 1097 913 1164 fidelibus
925 1118 1061 1184 presens
1073 1098 1227 1183 scriptum
1239 1095 1448 1161 cernentibus
1458 1094 1609 1161 Elisabet
1620 1096 1684 1162 Dei
1701 1099 1813 1182 gracia
1831 1098 1960 1164 ducissa

301 1221 544 1287 Sleszwicensis
567 1219 737 1284 Holtaacie
760 1216 936 1284 Stormarie
960 1216 1136 1281 Comitissa
1158 1213 1303 1280 Salutem
1325 1216 1358 1280 in
1381 1214 1511 1280 domino
1538 1218 1777 1302 sempiternam.
1821 1217 1872 1282 Eo
1895 1239 1959 1306 quo

299 1340 444 1426 eanoniaj
468 1336 639 1422 collegiate
663 1335 801 1402 ecclesie
823 1333 1084 1400 haderslsuensis
1107 1333 1193 1398 adeo
1224 1341 1288 1398 tam
1316 1345 1432 1403 tenues
1462 1333 1608 1413 redditus
1635 1333 1757 1400 habent
1788 1346 1820 1401 et
1847 1335 1960 1420 exiles,

303 1457 392 1546 quod
413 1457 508 1544 paucj
532 1455 610 1543 inibj
637 1452 783 1520 resident
807 1463 840 1520 et
861 1451 1007 1540 quotidie
1031 1452 1130 1540 diuinj
1156 1451 1259 1518 cultus
1281 1453 1318 1518 fit
1340 1452 1497 1536 delectus,
1518 1453 1587 1517 Nos
1609 1454 1707 1538 igitur
1729 1452 1887 1521 dictorum
1911 1477 1961 1520 ca-

298 1577 487 1642 nonicorum
513 1575 656 1660 inopiam
689 1569 837 1639 releuare
865 1574 1033 1658 cupientes
1068 1579 1100 1636 et
1137 1570 1255 1639 cultum
1290 1569 1432 1636 diuinum
1460 1569 1615 1658 ampliare
1643 1572 1792 1640 volentes
1822 1573 1960 1660 capitulo

300 1695 431 1782 stipsis
454 1693 617 1758 canonicis
645 1689 733 1778 apud
761 1691 878 1756 dictam
908 1690 1079 1756 ecclesiam
1106 1688 1391 1755 hadersleuensem
1419 1693 1590 1777 presertim
1616 1689 1833 1759 residentibus
1860 1690 1963 1756 eecle-

304 1813 383 1878 siam
404 1812 501 1878 beate
522 1812 659 1896 virginis
681 1812 715 1875 in
735 1809 838 1894 Esbti,
860 1811 893 1874 in
917 1831 983 1896 qua
1003 1831 1126 1874 merum
1149 1810 1199 1874 ius
1221 1806 1316 1873 nobis
1347 1809 1500 1895 competit
1529 1817 1718 1896 patronatus
1747 1809 1790 1874 ad
1817 1831 1963 1896 presens,

298 1953 359 2019 per
379 1931 515 1996 liberam
538 1931 797 2014 resignationem
821 1929 988 2004 cuiusdam
1011 1927 1132 1992 domini
1155 1926 1284 1991 Ottonis
1306 1926 1515 2012 tydenhusen
1536 1939 1724 2012 vacantem,
1753 1927 1795 1994 ob
1826 1928 1961 1994 salutern

300 2051 404 2116 anime
427 2047 535 2135 dilectJ'
560 2048 681 2113 domini
703 2049 804 2112 nostri
827 2046 948 2112 domini
970 2045 1153 2112 Gherhardi
1174 2044 1277 2110 felicis
1298 2045 1539 2112 recordacionis
1562 2045 1726 2132 quondam
1747 2045 1838 2114 ducis
1857 2047 1963 2112 Slesz-
2033 2048 2035 2056 ’
2109 2024 2112 2032 .

303 2169 450 2234 uticensis
473 2166 642 2254 Holtaacie
666 2165 887 2232 etStormarie
911 2168 1044 2250 comitis,
1067 2167 1269 2249 assignamus
1293 2163 1506 2230 concedimus
1529 2163 1642 2229 damus
1666 2164 1822 2230 donamus
1845 2187 1962 2232 annec-

302 2288 396 2352 timus
418 2295 452 2352 et
473 2295 626 2372 quantum
647 2285 680 2348 in
710 2283 804 2350 nobis
833 2294 883 2350 est
911 2261 1186 2372 incorporamus,¹
1202 2283 1243 2348 de
1266 2305 1426 2350 consensu
1447 2283 1632 2371 Reuerendj
1655 2285 1689 2348 in
1712 2283 1842 2350 Christo
1862 2285 1967 2370 patris

303 2417 336 2470 et
358 2403 478 2470 domini
499 2403 601 2469 nostri
624 2401 744 2467 domini
765 2402 922 2470 Johannis
945 2404 1100 2490 Episcopi
1124 2401 1383 2486 Sleszwioensis,
1405 2425 1478 2467 cum
1506 2401 1655 2472 omnihus
1682 2413 1715 2468 et
1737 2402 1871 2488 singulis
1892 2425 1969 2490 per·
2036 2379 2042 2394 ²

303 2524 451 2610 tinencijs
488 2523 555 2586 suls
584 2531 616 2585 et
643 2519 824 2587 redditibus
857 2524 1016 2588 vniuersis
1048 2523 1117 2588 iure
1150 2530 1310 2608 perpetuo
1343 2521 1584 2608 possidendam.
1637 2521 1758 2588 Datum
1791 2523 1823 2586 in
1857 2532 1966 2586 castro

301 2653 411 2706 nostro
436 2641 597 2728 Gottorpp
619 2641 716 2705 Anno
744 2651 805 2705 etc.
831 2641 968 2706 Decimo
991 2640 1073 2705 feria
1095 2642 1205 2726 quinta
1226 2650 1444 2728 pentecostes,
1467 2649 1578 2706 nostro
1602 2640 1671 2706 Sub
1694 2641 1841 2726 Signeto.

1502 2763 1629 2830 (Regesta
1646 2763 1784 2813 Christiani
1801 2763 1896 2828 primi.)

1117 2999 1147 3053 7.

822 3133 1043 3198 Testamentum
1064 3133 1200 3198 Andree
1226 3133 1445 3220 Tarpodiertd.

1666 3223 1741 3286 1413,
1759 3223 1774 3271 6
1793 3221 1896 3287 Septbr.

302 3355 546 3422 Testamentum
575 3353 707 3419 Andree
740 3353 988 3439 Tangaebierth‚
1023 3355 1056 3418 in
1086 3376 1150 3441 quo
1181 3356 1265 3420 inter
1294 3365 1404 3421 cetera
1433 3323 1555 3442 legauit
1583 3355 1732 3442 Capitulo
1759 3356 1967 3441 possessoris

476 3495 533 3537 sue
555 3474 787 3558 proprietatem
809 3474 842 3537 in
863 3470 1060 3560 cherbolm
1082 3483 1115 3539 et
1139 3475 1155 3539 1
1181 3475 1302 3538 curiam
1324 3475 1358 3540 in
1377 3474 1537 3562 Fielstorp
1561 3473 1604 3538 ad
1624 3472 1790 3541 fabricam.

451 3593 488 3656 In
510 3593 639 3656 nominc
661 3591 793 3656 Domini
815 3590 930 3656 Amen.
983 3592 1058 3676 Ego
1080 3593 1211 3658 Anders
1234 3593 1377 3659 Jensson
1400 3593 1504 3658 dictus
1527 3593 1774 3681 Tangaebierth,
1796 3592 1872 3658 licet
1895 3614 1967 3657 cor-

306 3733 385 3798 pore
410 3710 527 3777 debilis
549 3721 658 3774 tamen
679 3720 787 3774 mente
810 3731 918 3788 sanus,
940 3711 1121 3796 attendens,
1145 3713 1234 3800 quod
1256 3712 1374 3777 breues
1397 3710 1467 3777 dies
1489 3711 1627 3778 hominis
1650 3723 1724 3778 sunt
1746 3720 1778 3776 et
1799 3711 1877 3776 nihil
1896 3733 1965 3777 cer-

301 3833 364 3895 tius
388 3839 501 3913 morte,
525 3841 557 3894 et
580 3830 648 3892 eius
671 3829 751 3894 hora
771 3827 849 3892 nihil
870 3829 1034 3914 incertius,
1058 3829 1133 3895 ideo
1157 3831 1197 3896 de
1220 3829 1315 3896 bonis
1337 3831 1414 3895 mihi
1435 3853 1456 3894 a
1478 3832 1551 3896 Deo
1575 3829 1699 3896 collatis
1719 3831 1963 3895 Testamentum

301 3949 384 4013 facio
408 3956 441 4012 et
464 3949 578 4014 ordino
601 3949 633 4012 in
655 3948 739 4013 hunc
760 3947 902 4012 modum.
946 3947 1057 4013 Primo
1080 3948 1155 4035 lego
1178 3949 1328 4014 Ecclesia
1358 3949 1455 4014 beate
1476 3949 1580 4014 Marie
1602 3950 1737 4035 virginis
1765 3949 1797 4012 in
1819 3947 1962 4014 Haders-

302 4067 362 4131 leff
379 4089 476 4132 vnam
498 4070 619 4136 curiam
642 4069 673 4132 in
696 4065 873 4154 Fielstcrp,
900 4067 933 4130 in
961 4089 1026 4154 qua
1051 4067 1175 4133 residet
1194 4068 1361 4134 lohannes
1384 4068 1474 4132 Petri
1501 4077 1533 4132 et
1559 4067 1688 4153 nigrum
1716 4087 1833 4154 equum
1855 4089 1962 4132 meum
2045 4085 2055 4092 ·

302 4187 507 4252 rawenwilde
538 4208 609 4252 cum
640 4189 737 4251 armis
766 4186 856 4249 meis.
900 4185 983 4250 Item
1004 4185 1145 4250 Domino
1167 4185 1307 4251 Iohanni
1328 4185 1495 4251 Michaelis
1519 4185 1685 4272 Canonico
1709 4184 1962 4250 Hadersleuensi

302 4305 430 4390 nigrum
454 4329 573 4393 equum
593 4307 627 4370 in
649 4304 759 4370 valore
781 4303 863 4369 XVI
891 4326 992 4370 marc.
1014 4303 1128 4370 Lubic.
1173 4305 1255 4369 Item
1277 4304 1454 4392 parochiali
1475 4303 1624 4368 Ecclesia
1653 4324 1726 4368 mee
1748 4303 1810 4368 1111
1836 4326 1964 4368 marcas

302 4423 512 4490 Lubicenses.
556 4425 637 4490 Item
659 4423 809 4489 Ecclesie
831 4421 991 4511 Fielstorp
1013 4423 1062 4488 III
1084 4445 1210 4488 marcas
1232 4423 1315 4488 Lub.
1359 4422 1441 4488 Item
1463 4422 1613 4487 Ecclesie
1637 4419 1817 4486 Odensbelr
1841 4427 1857 4486 1
1881 4444 1963 4486 mar·
2092 4423 2097 4430 '

304 4563 373 4606 cam
394 4541 507 4609 Lubic.
561 4544 642 4608 Item
674 4542 831 4608 Claustris
862 4543 895 4606 in
922 4541 1113 4607 Hadersloff
1138 4555 1170 4608 et
1199 4545 1233 4608 in
1260 4542 1442 4628 Koldingh‚
1473 4540 1605 4606 cuilibet
1634 4541 1650 4604 1
1679 4561 1819 4604 marcam
1849 4539 1961 4606 Lubic.

302 4659 384 4726 Item
409 4661 543 4748 Capelle
565 4660 653 4726 beati
677 4662 812 4747 Georgii
833 4663 867 4726 in
889 4660 1080 4726 Hadersldff
1101 4663 1116 4726 1
1140 4683 1282 4728 marcam
1305 4662 1387 4726 Lub.
1431 4659 1512 4726 Item
1541 4659 1686 4744 ymagini
1708 4657 1803 4722 beate
1826 4659 1962 4744 virginis

303 4780 335 4843 in
357 4779 497 4846 claustro
519 4782 553 4844 in
574 4780 765 4845 Hedersldff
786 4781 801 4844 1
826 4801 915 4845 oram
937 4789 1075 4844 annone.
1119 4781 1200 4845 Item
1221 4779 1460 4868 pauperibusl
1493 4800 1581 4841 oram
1610 4797 1747 4841 annone.
1792 4777 1873 4842 Item
1895 4777 1962 4841 Do-

304 4899 388 4962 mino
418 4898 550 4963 Andree
577 4900 610 4962 in
638 4896 784 4984 Heghels
818 4921 954 4986 cappam
988 4921 1094 4963 meam
1128 4900 1264 4984 nigram.
1315 4899 1396 4964 Item
1423 4899 1521 4962 Erico
1548 4895 1639 4960 Petri
1665 4897 1805 4980 griseam
1834 4916 1962 4981 equam.

303 5016 383 5114 Item
407 5017 544 5082 Tostoni
569 5019 583 5080 l
608 5018 734 5102 nigrum
756 5018 917 5105 polidrum
943 5041 1015 5082 oum
1039 5019 1164 5104 equicio
1194 5028 1300 5084 eunte.
1344 5018 1425 5083 Item
1449 5017 1557 5082 Mettee
1580 5012 1750 5079 Hennikes
1777 5012 1809 5076 11
1834 5033 1960 5076 marcas

303 5133 385 5200 Lub.
441 5136 522 5200 Item
555 5136 664 5201 Gretse
699 5139 715 5200 1
749 5158 891 5203 marcam
925 5135 991 5202 lub.
1045 5137 1127 5201 Item
1158 5136 1320 5202 Christine
1354 5140 1370 5201 1
1406 5156 1547 5201 marcam
1580 5133 1646 5198 lub.
1700 5132 1782 5196 Item
1809 5129 1960 5195 Esberno

307 5259 324 5337 t
358 5275 501 5320 marcam
538 5253 605 5319 lub.
667 5254 748 5320 Item
781 5255 917 5322 'Postoni
956 5258 1096 5322 tunicam
1130 5277 1246 5320 meam.
1304 5255 1385 5319 Item
1417 5255 1647 5341 proprietatem
1680 5250 1895 5339 possessionis
1928 5249 1961 5313 in
