5002 6418
1808 669 1848 778 ar

219 941 297 986 uum
320 927 410 984 tuum
433 917 574 982 domine.
618 916 756 1002 Insuper
784 937 844 980 nos
866 913 1007 980 Michael
1030 913 1154 979 Cantor
1181 921 1348 1000 totumque
1371 911 1545 998 capitulum
1566 913 1727 999 prelatum
1748 915 1887 982 fatemur
1989 975 1992 980 .

221 1047 255 1102 st
283 1037 549 1122 recognoscimus
577 1057 638 1123 per
665 1043 835 1122 presentes
862 1035 897 1098 in
917 1041 1087 1098 numerata
1107 1032 1248 1119 pecunia
1268 1031 1357 1098 bone
1376 1040 1507 1096 monete
1530 1029 1638 1096 datiue
1661 1033 1694 1098 in
1716 1032 1833 1098 Lubek
1857 1043 1890 1102 et

219 1153 415 1240 Hamburgh
443 1174 504 1219 nos
526 1155 693 1240 recepisse
727 1163 760 1218 et
780 1152 908 1218 leuasse
931 1173 952 1216 a
972 1161 1151 1218 memorato
1173 1149 1370 1216 Reuerendo
1392 1159 1485 1237 patre
1508 1149 1638 1216 domino
1660 1159 1772 1216 nostro
1795 1153 1890 1218 Nico-

221 1274 274 1340 lao
297 1273 464 1360 Episcopo
488 1271 695 1338 Slsswicensi
724 1270 881 1337 ducentas
910 1279 944 1336 et
975 1270 1147 1355 sexaginta
1174 1289 1300 1334 marcas
1328 1268 1528 1353 lubicenses,
1562 1291 1643 1356 quas
1673 1269 1830 1338 ducentas
1858 1279 1891 1338 et

221 1393 395 1478 sexaginta
423 1411 551 1456 marcas
578 1391 649 1478 ipse
678 1388 811 1454 donauit
839 1397 873 1453 et
900 1389 1080 1474 assignauit
1108 1395 1269 1474 perpetua
1297 1387 1478 1452 donacione
1505 1389 1590 1453 inter
1617 1390 1711 1453 vium
1740 1389 1782 1454 ad
1804 1391 1890 1456 Illlor

221 1511 433 1579 canonicatus
463 1517 496 1574 et
524 1505 710 1594 prebendas
740 1507 781 1572 de
810 1527 898 1572 nouo
920 1505 1000 1572 alias
1022 1508 1056 1570 in
1078 1505 1496 1589 ecclesiaHadersleuensi,
1518 1505 1604 1571 vltra
1626 1510 1834 1574 canonicatus
1857 1519 1891 1576 et

220 1627 408 1716 prebendas
437 1627 481 1694 ab
510 1627 642 1714 antiquo
663 1626 698 1690 in
726 1646 767 1689 ea
794 1625 984 1708 existentes,
1005 1624 1157 1690 mndata
1191 1633 1225 1690 et
1257 1632 1399 1708 erectas,
1432 1624 1478 1687 ita
1499 1623 1587 1710 quod
1609 1645 1722 1690 omnes
1742 1626 1889 1693 redditus

220 1757 255 1812 et
281 1755 461 1833 prouentus
491 1743 620 1810 emendi
649 1743 690 1808 de
720 1743 869 1808 ducentis
899 1752 933 1807 et
963 1744 1137 1828 sexaginta
1164 1743 1283 1808 marcis
1311 1743 1477 1829 perpetuis
1507 1743 1707 1830 temporibus
1730 1745 1889 1832 equaliter

222 1863 410 1930 diuidantur
440 1865 524 1928 inter
562 1865 736 1928 canonicos
771 1861 928 1926 dictarum
961 1870 1100 1948 quatuor
1134 1860 1375 1947 prebendarum
1411 1859 1516 1925 saltim
1548 1861 1731 1927 residentes
1763 1874 1819 1930 aut
1846 1863 1889 1928 de

221 1982 355 2048 licentia
377 1980 488 2046 debita
509 1979 678 2064 absentes,
709 1980 814 2046 donec
835 1981 906 2067 ipse
928 1978 1097 2066 prebende
1120 1989 1258 2067 quatuor
1279 1987 1403 2045 tantum
1425 1979 1545 2044 lirefint
1565 1980 1598 2044 in
1620 1981 1687 2045 suis
1708 1981 1889 2048 redditibus

221 2107 446 2186 augmentata,
479 2108 576 2186 prout
601 2099 635 2162 in
656 2097 851 2164 fundacione
874 2098 1017 2185 ipsarum
1039 2099 1230 2182 continetur,
1253 2118 1364 2162 omnes
1387 2097 1533 2162 redditus
1556 2098 1729 2164 duodecim
1750 2100 1887 2187 preben-

221 2221 335 2285 darum
359 2219 510 2306 componi
532 2215 689 2301 debeant,
722 2215 773 2281 Ac
801 2217 886 2281 inter
914 2237 1026 2280 omnes
1049 2215 1222 2280 duodecim
1244 2217 1453 2281 canonicatus
1470 2217 1568 2302 juxta
1590 2217 1728 2282 ecclesie
1753 2239 1887 2284 consue-

222 2337 367 2402 tudinem
391 2335 506 2402 diuidi:
539 2337 585 2400 ita
612 2355 672 2400 nos
696 2334 819 2400 Cantor
841 2343 875 2398 et
896 2333 1081 2420 Capitulum
1103 2333 1221 2420 prefati
1242 2335 1425 2419 recepimus
1448 2333 1567 2399 dictam
1590 2357 1746 2402 summam
1769 2337 1889 2403 ducen-

223 2467 327 2522 tarum
356 2464 389 2520 et
417 2455 591 2539 sexaginta
620 2475 802 2518 marcarum
820 2451 867 2516 ad
888 2451 1003 2516 fideles
1026 2473 1140 2516 manus
1163 2450 1321 2516 dictarum
1345 2460 1483 2538 quatuor
1504 2451 1745 2539 prebendarum
1768 2465 1801 2520 et
1822 2479 1888 2522 non

221 2575 325 2640 aliter.
370 2575 601 2638 Promittentes
622 2571 708 2637 velle
730 2571 839 2636 facere
864 2569 1007 2636 debitam
1030 2569 1250 2656 diligenciam,
1282 2582 1317 2637 ut
1343 2569 1466 2636 frustm
1489 2593 1562 2636 cum
1585 2571 1631 2636 eis
1655 2583 1802 2639 emantur
1824 2597 1884 2661 pro

222 2693 463 2758 sustentacione
486 2691 716 2756 canonicorum
740 2690 897 2755 dictarum
922 2697 1060 2775 quatuor
1080 2687 1333 2775 prebendarum.
1377 2689 1415 2754 In
1444 2710 1582 2776 quorum
1604 2692 1747 2756 omnium
1770 2702 1803 2758 et
1824 2695 1886 2759 sin-

223 2810 373 2896 gulorum
402 2809 501 2874 fidem
530 2821 563 2874 et
590 2809 809 2874 testimonium
838 2809 1070 2894 premissorum
1097 2809 1244 2894 presenti
1271 2807 1364 2872 litere
1394 2807 1534 2893 sigillum
1561 2817 1707 2874 nostrum
1737 2809 1888 2877 duximus

221 2927 473 3016 appendendum
492 2947 531 2992 ac
547 2928 664 2992 notarii
681 2926 878 3012 infrascripti
896 2927 1054 3014 Jussimus
1080 2927 1174 3011 signo
1197 2935 1231 2992 et
1246 2926 1413 3009 nomine¹)
1432 2927 1592 2992 annotari.
1625 2928 1711 2992 Aeta
1726 2951 1812 2995 anno
1825 2931 1891 2996 Do·

221 3049 299 3113 mini
321 3045 568 3113 MCOCOXLI.
612 3045 792 3110 Indictione
816 3053 947 3131 quarta,
970 3045 1024 3110 die
1054 3066 1141 3110 nono
1163 3045 1285 3108 mensis
1306 3043 1471 3128 emnerii,
1498 3042 1580 3109 bora
1601 3067 1688 3110 nona
1710 3047 1764 3112 uel
1788 3051 1890 3135 quasi,

221 3168 253 3231 in
275 3167 349 3232 loco
372 3165 541 3253 capitulari
561 3165 708 3254 predicte
724 3163 895 3249 collegiata
906 3161 1181 3228 Hadersleuensis
1198 3162 1347 3247 ecclesio,
1370 3161 1510 3228 diocesis
1524 3161 1759 3248 Slsswicensis,
1780 3165 1889 3232 Ponti-

220 3286 336 3351 litatus
365 3286 559 3350 sanctissimi
585 3285 619 3348 in
642 3283 750 3348 Oristo
777 3283 878 3368 patris
912 3290 945 3346 et
974 3281 1095 3346 domini
1125 3283 1227 3348 rastri
1249 3281 1383 3348 Domini
1403 3280 1522 3345 Felicis
1552 3280 1662 3346 diuina
1684 3283 1890 3369 prouidentia

222 3425 307 3492 pape
331 3404 433 3491 quinti
454 3423 539 3468 anno
561 3402 677 3489 primo.
720 3398 932 3466 Presentibus
965 3399 1113 3466 discretis
1135 3402 1214 3466 viris
1238 3399 1377 3464 dominis
1399 3400 1525 3464 Ascero
1547 3399 1684 3486 Nicolai,
1705 3402 1888 3489 presbitero

223 3532 256 3588 et
278 3523 441 3588 Torstano
462 3521 557 3586 Laud
564 3571 573 3605 ,
606 3520 783 3606 Dyacono,
817 3517 1042 3584 Sleswiceusis
1071 3527 1103 3583 et
1124 3517 1277 3606 Ripensis
1310 3517 1467 3602 diocesis,
1501 3519 1637 3584 testibus
1667 3519 1710 3585 ad
1732 3523 1890 3607 premissa

222 3641 347 3706 vocatis
369 3641 491 3726 pariter
513 3648 546 3704 et
567 3641 700 3724 rogatis.
1080 3672 1087 3685 ·
1580 3657 1705 3724 (Regiae.
1724 3658 1821 3724 Capit.)

291 3777 313 3842 ¹)
331 3778 389 3828 Non
406 3777 502 3829 adsunt
517 3778 545 3828 in
562 3775 723 3845 apographo.

1030 3961 1082 4017 et.

223 4097 336 4162 muru
356 4096 488 4182 Nrbolor'
506 4097 646 4182 episcopi
664 4095 872 4180 Slasoieertsrs,
894 4097 1005 4182 quobus
1027 4095 1072 4160 od
1091 4097 1243 4162 mbarr'om
1254 4093 1463 4182 fundandum
1484 4097 1620 4184 capt'tulo
1634 4095 1893 4164 Haderslavreass'

223 4213 317 4279 deaut
335 4217 486 4300 pectorales
492 4262 502 4297 ,
520 4237 580 4300 pro
602 4213 714 4300 qutbtts
735 4214 855 4280 venditi
862 4216 1000 4302 suerunt
1021 4216 1095 4302 apri
1113 4213 1229 4280 wenti
1248 4213 1293 4278 ad
1312 4215 1470 4291 eoelem‘om
1492 4216 1649 4301 quondum
1671 4215 1888 4283 Strucdensem

959 4335 1155 4420 pertinentes.

1595 4459 1674 4522 1442,
1692 4459 1708 4508 6
1725 4458 1822 4509 Novbr.

374 4586 443 4652 Nos
464 4586 618 4652 Nicolaus
641 4587 706 4652 Dei
734 4598 767 4653 et
794 4587 970 4675 apostolice
1005 4587 1093 4653 sedis
1122 4589 1234 4672 gracia
1257 4587 1439 4675 Episcopus
1460 4587 1686 4659 sleswicensi·
1708 4589 1762 4655 Ad
1789 4591 1888 4656 hono-

226 4725 292 4770 rem
316 4707 545 4792 omnipotentis
567 4705 649 4792 Dei,
681 4705 778 4772 beate
806 4707 940 4792 virginis
966 4707 1066 4772 marie
1095 4706 1265 4793 cultusque
1287 4707 1397 4794 Diuinj
1426 4705 1671 4794 ampliacionem
1693 4709 1726 4772 in
1749 4709 1889 4774 ecclesia

228 4823 490 4908 Hadersleuensi,
513 4823 739 4912 deputauimus
761 4847 800 4890 ac
823 4825 1032 4910 donauimus,
1062 4823 1255 4912 deputamus
1278 4835 1311 4890 et
1333 4824 1490 4891 donamus
1513 4847 1573 4914 per
1593 4835 1764 4913 presentes
1786 4835 1887 4892 totam

228 4963 384 5008 summam
404 4943 630 5028 pecuniarum,
660 4965 719 5030 pro
749 4943 866 5030 quibus
886 4943 1011 5008 venditi
1041 4953 1115 5008 sunt
1145 4953 1178 5009 et
1204 4943 1334 5009 fuerunt
1356 4944 1487 5030 quidam
1510 4946 1581 5031 agri
1605 4944 1724 5010 deserti
1746 4944 1886 5010 ecclesie

226 5071 335 5126 sancte
358 5060 498 5127 Cristine
520 5063 553 5126 in
575 5063 781 5148 prepositura
798 5061 928 5146 Strand,
950 5061 1169 5150 proquodam
1186 5063 1392 5149 predicatore
1414 5065 1447 5128 in
1470 5063 1886 5129 ecclesiaHadersleuensi.

226 5177 267 5242 Et
290 5181 462 5266 quiscum
486 5179 647 5244 Tricentis
669 5183 786 5245 marcis
816 5179 883 5246 lob.
914 5179 954 5246 de
984 5180 1072 5246 dicta
1098 5203 1224 5246 summa
1250 5183 1315 5246 iam
1337 5183 1436 5270 empti
1457 5191 1532 5248 sunt
1552 5181 1640 5248 bona
1659 5183 1887 5269 possessiones

226 5296 371 5362 redditus
400 5309 578 5383 prouentus
605 5300 675 5364 iura
704 5311 738 5364 et
766 5299 983 5365 emolumenta
1011 5299 1044 5364 in
1077 5298 1173 5364 bonis
1200 5299 1359 5365 lobannis
1396 5309 1429 5366 et
1456 5300 1627 5365 Benedicti
1657 5301 1698 5365 de
1726 5299 1886 5366 Aleuelde
