5242 6414
1453 653 1493 722 16

1458 855 1488 915 Ι.

893 987 1019 1056 quen
1041 989 1230 1078 obltyaton'oe
1256 991 1437 1058 valdemari
1454 992 1519 1076 IV,
1546 998 1627 1058 1341
1652 991 1703 1058 dac
1723 999 1744 1058 6
1764 993 1918 1059 Joauorr'i
1936 993 2017 1059 darn
2028 995 2051 1059 ¹.

776 1117 951 1209 ¹Omnibus
977 1164 1114 1229 presens
1144 1151 1205 1208 etc.
1237 1143 1466 1210 Woldemarus
1501 1143 1554 1209 dei
1581 1147 1692 1231 gracia
1714 1147 1882 1211 Danorum
1905 1145 2141 1234 Slauorumque
2170 1168 2231 1212 rex
2258 1169 2307 1213 sa·

639 1261 738 1328 lutem
766 1263 806 1350 jn
838 1263 900 1328 dito
930 1263 1169 1347 sempiternam.
1222 1263 1342 1328 Notum
1374 1263 1510 1329 facimus
1542 1265 1701 1329 uniuersis
1728 1265 1932 1350 presentibus
1965 1277 1998 1329 et
2029 1265 2144 1331 suturis
2174 1267 2308 1332 firmiter

640 1383 828 1469 promittere
851 1390 885 1446 et
906 1381 948 1445 ud
969 1381 1175 1467 infrascripta
1197 1382 1305 1446 omnia
1327 1390 1359 1447 et
1381 1380 1508 1468 singula
1529 1381 1735 1470 presentibus
1762 1383 1877 1449 litteris
1904 1389 1965 1476 nos
1988 1384 2223 1471 jnuiolebiliter
2252 1385 2308 1450 ob-

641 1522 785 1566 seruare.
833 1500 877 1565 Jn
901 1499 1012 1586 primis
1035 1498 1123 1585 quod
1156 1520 1284 1564 omnem
1312 1501 1408 1586 iram,
1440 1523 1609 1566 rancorem
1640 1512 1673 1567 et
1700 1501 1902 1586 inimicicias,
1933 1525 2013 1590 quas
2042 1525 2234 1591 quacunque
2263 1522 2327 1568 ex·

641 1640 740 1684 eausa
768 1618 811 1684 ad
831 1618 941 1683 Dacos
970 1638 1180 1704 quoscunque
1209 1617 1346 1684 clericos
1379 1619 1434 1684 vel
1468 1618 1568 1684 laicos
1610 1641 1654 1684 ex
1680 1630 1773 1705 parte
1801 1622 1902 1708 patris
1930 1623 2033 1686 nostri
2060 1621 2113 1688 dni
2136 1620 2332 1687 cristofori·

642 1736 805 1825 quondam
836 1737 925 1822 regis
952 1737 1135 1820 Danorum,
1167 1736 1253 1801 bone
1287 1739 1457 1822 memorie,
1484 1737 1619 1802 fratrum
1645 1747 1829 1804 nostrorum
1860 1761 1919 1805 seu
1951 1741 2128 1806 amicorum
2156 1761 2306 1827 quorum·

642 1877 769 1942 cunque
792 1855 958 1942 hocusque
980 1854 1196 1919 habueramus
1223 1855 1277 1920 vel
1298 1855 1420 1921 habere
1443 1877 1627 1940 possemus,
1662 1879 1705 1923 ex
1734 1865 1802 1924 toto
1830 1858 1929 1923 corde
1958 1866 1992 1925 et
2020 1859 2127 1924 animo
2155 1858 2234 1944 ipsis
2261 1859 2307 1922 in-

642 1973 797 2039 dulsimus
821 1983 854 2040 et
873 1971 1079 2061 presentibus
1101 1972 1322 2059 indulgemus,
1344 1975 1479 2038 firmiter
1494 1976 1735 2061 promittentes,
1758 1977 1846 2064 quod
1867 1979 1956 2065 ipsas
1978 1976 2103 2043 scilicet
2123 1978 2213 2059 iram,
2235 1999 2307 2042 ran-

642 2114 752 2158 corem
787 2102 820 2157 et
852 2091 1039 2157 inimicicias
1071 2091 1254 2157 nullatenus
1289 2090 1332 2156 ad
1358 2093 1497 2157 animum
1526 2093 1672 2180 quolibet
1703 2097 1931 2182 inperpetuum
1957 2117 2161 2161 reuocemus.
2215 2094 2305 2161 Jtem

644 2211 732 2298 quod
749 2212 903 2298 episcopi,
924 2209 1040 2297 prelati
1059 2230 1098 2274 sc
1120 2210 1340 2276 ecclesiastice
1362 2233 1513 2298 persone,
1533 2211 1651 2278 milites
1670 2221 1701 2278 et
1718 2212 1882 2297 militares,
1905 2223 2113 2298 mercatores,
2135 2213 2306 2279 bundones

642 2337 675 2394 et
692 2331 812 2404 rustici,
835 2331 1052 2417 cuiuscunque
1070 2328 1269 2393 condicionis
1288 2351 1326 2394 ac
1346 2339 1447 2395 status
1466 2331 1616 2415 existant,
1633 2331 1929 2419 jurisdiccionibus,
1946 2332 2076 2419 juribus
2094 2331 2248 2398 videlicet
2266 2354 2306 2397 ao

643 2446 847 2513 libertatibus
870 2449 945 2532 suis,
967 2447 1076 2535 quoad
1099 2445 1245 2512 subditos
1268 2469 1358 2530 suos,
1381 2446 1468 2513 bona
1490 2470 1548 2513 sue
1571 2461 1603 2514 ct
1624 2449 1778 2514 familiam
1800 2472 1900 2533 suam,
1925 2448 2061 2516 ubilibet
2084 2450 2230 2537 gaudere
2251 2450 2305 2516 de·

642 2565 756 2651 beant,
784 2576 881 2654 prout
901 2565 1036 2632 liberius
1059 2576 1297 2632 consueuerant
1317 2564 1439 2631 habere
1469 2587 1512 2631 ex
1533 2569 1680 2655 antique,
1713 2566 1897 2652 libertates,
1927 2570 2055 2654 gracias
2079 2580 2113 2634 et
2132 2569 2306 2656 priuilegia

639 2685 725 2773 jpsis
755 2707 774 2749 a
801 2695 893 2771 patre
915 2698 1043 2771 nostro,
1075 2684 1338 2773 progenitoribus
1361 2695 1394 2752 et
1415 2685 1676 2752 antecessoribus
1698 2687 1848 2772 graciose
1869 2686 2011 2752 indultas
2034 2697 2067 2752 et
2087 2685 2213 2752 indulta
2233 2688 2306 2751 rati-

643 2805 796 2888 ficantes,
828 2803 1036 2891 presentibus
1071 2803 1187 2869 litteris
1217 2802 1492 2890 jrrelragabilitcr
1526 2805 1752 2870 confirmantes
1780 2805 2008 2893 approbamus.
2062 2805 2107 2871 Jn
2134 2805 2224 2870 cuius
2257 2805 2306 2870 rei

642 2925 861 2989 testimonium
897 2923 1037 3009 sigillum
1070 2933 1214 2988 nostrum
1248 2946 1314 2989 vna
1346 2945 1419 2988 curn
1453 2923 1566 3009 sigillis
1598 2922 1832 2988 venerabilium
1867 2924 1902 2988 in
1929 2923 2037 2989 Oristo
2069 2934 2197 3010 patrum
2227 2924 2306 2989 Sue-

643 3043 737 3107 nonis
778 3041 831 3106 dei
864 3043 977 3127 gracia
1008 3043 1195 3108 Arusisnsis
1218 3051 1262 3108 ‘et
1295 3043 1403 3108 fratris
1439 3043 1597 3109 Johsnnis
1629 3040 1855 3109 Roskildensis
1889 3042 2131 3129 episcoporum,
2172 3043 2306 3108 duorum

645 3159 773 3226 Offonis
794 3160 933 3246 Nicolai,
956 3162 1045 3227 Petri
1066 3160 1270 3246 Wendelbo,
1291 3162 1468 3248 Reymonis
1491 3161 1763 3249 Skarpenbergh,
1790 3159 1948 3227 iohannis
1973 3159 2013 3224 de
2035 3159 2150 3226 Plesse
2173 3170 2207 3228 et
2229 3159 2305 3225 Fre·

644 3278 745 3343 derici
768 3277 808 3342 tle
830 3279 970 3366 Lolrgen
990 3282 1095 3347 nostri
1115 3279 1299 3364 marskalci,
1321 3281 1463 3365 militum,
1485 3281 1622 3346 Aesonis
1645 3278 1686 3344 de
1709 3278 1883 3363 weshle,
1905 3279 1995 3344 Erici
2017 3277 2157 3362 Nicolai,
2180 3277 2306 3344 Nicolai

642 3397 790 3483 Jngnari,
812 3397 906 3463 Pauli
924 3397 1042 3486 Glopp,
1064 3399 1183 3484 Esgeri
1200 3397 1374 3464 Ebbessun
1397 3407 1429 3463 et
1447 3397 1640 3484 Str-engonis
1660 3396 1835 3462 Ebbessun
1855 3397 2001 3481 fratrum,
2021 3397 2113 3462 Petri
2134 3395 2307 3462 Laurencii

643 3525 677 3580 et
697 3516 869 3582 Laurencii
889 3516 1034 3600 fratrum,
1054 3517 1212 3582 Johsnnis
1234 3515 1333 3601 Keos,
1355 3516 1445 3581 Petri
1466 3516 1568 3582 Munlr
1590 3517 1791 3600 semitons',
1821 3515 1980 3602 Sueningi
2001 3516 2155 3580 Iuerrsun
2179 3525 2212 3582 et
2233 3513 2306 3580 Psl-

643 3635 738 3698 nonis
759 3633 948 3719 Niclessun,
968 3635 1118 3719 fratrum,
1140 3634 1346 3722 presentibus
1368 3644 1419 3700 est
1440 3656 1607 3721 sponsum.
1656 3635 1776 3700 Datum
1798 3633 1899 3700 Rosk.
1928 3655 2012 3699 anno
2041 3633 2094 3700 dni
2115 3634 2304 3700 M⁰coe⁰xl⁰

1212 4109 1354 4178 Gommel
1372 4107 1485 4174 Domi:
1509 4107 1746 4176 Ουονθωιτεὶεεδ.

794 4298 868 4365 Allo
895 4321 980 4364 msen
1008 4310 1070 4365 etc.
1099 4298 1290 4366 Waldemsr
1319 4307 1386 4362 met
1411 4295 1496 4382 guds
1527 4296 1622 4362 nadae
1649 4294 1855 4362 Danmarcks
1890 4316 1930 4360 oo
1958 4294 2124 4362 Wsendaes
2160 4295 2306 4380 koningh

645 4417 818 4504 swindelig
845 4416 975 4483 helsaen
996 4426 1064 4483 met
1084 4416 1162 4503 gud.
1215 4417 1283 4506 Wij
1313 4423 1403 4502 gtirae
1431 4414 1622 4480 witherlicth
1650 4414 1711 4480 alle
1739 4412 1988 4480 naeruaeraendes
2018 4434 2058 4478 oc
2084 4412 2307 4480 kommoescul·

643 4535 784 4621 lsendes,
811 4545 845 4601 st
867 4537 919 4600 wii
941 4537 1036 4602 iscttae
1059 4535 1220 4623 stadeligh
1249 4546 1283 4602 at
1303 4535 1400 4600 holde
1423 4533 1608 4620 wsmittelig
1629 4545 1695 4598 met
1716 4532 1834 4599 thessae
1857 4532 2104 4598 naeruaeraendes
2131 4531 2219 4598 breff
2243 4531 2305 4598 alle

713 4851 783 4901 Ἐκ
805 4849 897 4901 codiee
919 4849 1058 4900 chartaceo
1076 4847 1235 4912 Magnoeano
1257 4845 1285 4895 in
1306 4845 1344 4895 4u
1360 4845 1410 4894 No.
1426 4845 1473 4907 21,
1500 4844 1570 4893 eirca
1589 4842 1656 4892 1480
1679 4843 1785 4907 scripto.
1900 4836 1978 4894 θεῖα.
2002 4841 2115 4906 (Lepsus
2133 4839 2225 4891 calarm
2244 4857 2305 4906 pro:

645 4937 781 5000 seniensi)
855 4933 971 4999 ⁸'l'rylrt
988 4934 1053 4985 efter
1071 4932 1161 4984 Codex
1179 4932 1350 4998 Magnreanus
1367 4931 1395 4979 in
1417 4929 1455 4980 iu
1478 4929 1527 4979 No.
1546 4930 1592 4992 22,
1617 4928 1697 4993 Papir
1719 4943 1755 4994 og
1771 4927 1940 4994 Pergameni,
1966 4927 2006 4978 ira
2028 4925 2110 4977 sidste
2127 4925 2257 4978 Halvtlsel
2279 4926 2310 4976 af

645 5024 702 5072 los·
718 5019 915 5083 Aarhundrede,
932 5035 992 5070 men
1008 5023 1049 5070 rot
1066 5018 1128 5085 god.
1161 5018 1299 5068 varianter
1319 5031 1362 5066 ere
1378 5013 1524 5064 meddeelte
1542 5013 1572 5065 at
1582 5013 1742 5081 Magnum
1758 5013 1796 5063 tu
1813 5012 1861 5062 No.
1879 5015 1904 5076 3,
1922 5028 1956 5063 en
1973 5012 2086 5078 elegant,
2102 5027 2163 5062 men
2178 5011 2305 5064 ulrorrelrt

643 5107 781 5157 Membrsn
797 5107 837 5157 trs
853 5122 877 5158 c.
896 5107 964 5157 1500
983 5104 1043 5170 (B);
1060 5104 1219 5171 Magnseana
1236 5105 1278 5154 8„
1297 5103 1345 5154 No.
1365 5103 1413 5166 24,
1439 5099 1469 5151 al
1482 5098 1589 5149 bvillren
1613 5098 1697 5149 denna
1714 5097 1778 5148 Part
1800 5111 1828 5148 sr
1850 5097 1964 5148 skreven
1985 5112 2037 5162 pas
2053 5096 2133 5161 Papir
2155 5112 2191 5162 og
2207 5097 2305 5163 Pergo·

644 5197 716 5242 ment
732 5193 799 5242 1472
818 5191 876 5255 (0);
896 5191 938 5244 ul.
955 5191 1009 5258 Kgl
1027 5193 1064 5242 tu
1081 5190 1131 5241 No.
1148 5191 1225 5254 3132,
1241 5187 1420 5254 Papirseodox
1437 5185 1476 5236 ira
1494 5185 1561 5234 1500
1579 5182 1643 5236 ellsr
1661 5183 1701 5234 sor
1719 5181 1775 5249 (D),
1792 5198 1829 5250 og
1845 5182 1964 5234 Hvitield
1982 5182 2037 5248 (Ε).
2076 5179 2166 5232 Andre
2184 5181 2305 5245 Codices,

643 5277 661 5328 i.
678 5277 728 5328 Ex.
746 5277 836 5344 Magn.
855 5277 889 5328 28
906 5276 933 5325 in
950 5277 1001 5341 4te,
1015 5276 1102 5328 levero
1120 5289 1152 5325 en
1170 5275 1317 5342 lorslrjellig
1334 5270 1529 5326 Oversrattelse.
