5002 6418
1814 741 1944 810 37*

191 943 194 950 ’
228 942 273 1006 sit
296 941 490 1026 concordia,
525 941 611 1007 dicto
639 951 750 1007 curato
772 943 895 1007 vicario
923 963 983 1030 pro
1010 950 1158 1029 tempore
1180 965 1276 1008 vnam
1301 953 1448 1030 quartam
1474 943 1673 1010 decimarum
1695 945 1901 1012 annonalium

229 1059 310 1124 olim
332 1061 454 1126 rectori
476 1059 562 1124 dicte
585 1059 723 1126 ecclesie
747 1058 889 1124 debitam
910 1061 1099 1147 porcionem
1122 1067 1155 1124 et
1175 1083 1236 1148 per
1258 1083 1331 1126 enm
1355 1060 1549 1147 eligendam,
1571 1063 1725 1150 Reliquas
1736 1085 1816 1132 vero
1834 1073 1901 1129 tres

230 1189 367 1267 quartas
390 1177 567 1246 earundem
590 1177 787 1243 decimarum
810 1178 1018 1244 annonalium
1040 1179 1134 1244 dictis
1157 1177 1293 1244 dominis
1305 1178 1441 1244 Cantori
1458 1187 1491 1244 et
1510 1179 1661 1267 Capitulo
1684 1204 1902 1265 reseruemus,

230 1297 283 1362 lta
313 1297 401 1384 q'uod
430 1296 535 1362 dictus
561 1297 701 1362 vicarius
729 1305 860 1362 curatus
887 1319 999 1381 vnam,
1033 1305 1065 1361 et
1098 1297 1169 1384 ipsc
1198 1297 1322 1363 Cantor
1349 1307 1382 1363 et
1410 1297 1594 1385 Capitulum
1622 1309 1689 1365 tres
1718 1300 1902 1366 huiusmodi

231 1415 434 1481 decimarum
457 1414 662 1482 annonalium
686 1425 817 1502 quartas
839 1417 1003 1482 annuatim
1026 1415 1154 1499 leuare,
1176 1413 1301 1500 locare,
1331 1415 1490 1482 dislocare
1513 1439 1552 1481 ac
1573 1416 1676 1483 libere
1699 1418 1740 1483 de
1762 1418 1825 1483 illis
1847 1418 1902 1483 ha·

227 1533 332 1599 beant
355 1533 546 1621 disponere,
573 1544 670 1621 prout
690 1535 770 1621 ipsis
791 1533 866 1599 hinc
887 1532 963 1599 inde
985 1533 1101 1599 melius
1123 1534 1220 1599 fuerit
1241 1535 1347 1600 visum
1370 1533 1539 1620 expedire.
1585 1535 1769 1624 Ceteroque
1793 1537 1902 1602 omnia

228 1661 262 1717 et
285 1651 418 1737 singula
438 1653 539 1739 ipsius
562 1652 700 1718 ecclesie
723 1654 801 1740 jura
829 1661 1008 1738 prouentus
1036 1653 1183 1718 redditus
1205 1653 1328 1720 fructus
1358 1653 1502 1755 decimas
1530 1655 1622 1719 viuas
1652 1654 1840 1726 oblaciones
1868 1664 1901 1720 et

228 1769 450 1836 emolumenta
470 1779 535 1834 tam
566 1769 607 1834 de
629 1771 713 1835 viuis
742 1793 838 1858 quam
861 1770 1021 1836 defunctis
1050 1771 1217 1858 hucusque
1246 1780 1402 1837 consueta
1427 1772 1569 1836 vicarius
1598 1774 1674 1860 ipse·
1696 1772 1835 1858 leuabit,
1868 1783 1902 1840 et

228 1887 352 1954 exinde
370 1889 447 1976 jura
468 1887 678 1975 Episcopalia
706 1899 739 1954 et
766 1889 928 1977 Propositi
955 1889 1148 1976 singulaque
1177 1899 1369 1955 oneratam
1398 1900 1557 1955 consueta
1586 1913 1683 1978 quam
1710 1893 1902 1958 inconsueta

176 2031 185 2043 ’
227 2016 360 2072 tenetur
382 2007 429 2071 sic
451 2010 611 2075 astrictus.
651 2007 811 2072 Volumus
833 2016 942 2072 tamen
965 2007 1053 2094 quod
1075 2009 1138 2096 ipsi
1161 2008 1285 2074 Cantor
1306 2017 1340 2072 et
1362 2006 1547 2094 Capitulum
1570 2009 1612 2074 dc
1634 2009 1790 2076 fructibus
1814 2009 1899 2075 dicte

227 2125 371 2190 ecclesie
405 2147 464 2212 per
486 2147 544 2190 eos
565 2124 714 2190 leuandis
737 2135 851 2212 quater
872 2126 906 2190 in
935 2147 1035 2210 anno,
1068 2135 1164 2213 prout
1192 2128 1359 2212 inceptum
1389 2135 1455 2211 est,
1489 2127 1678 2194 sollenniter
1707 2137 1840 2194 teneant
1869 2137 1903 2192 et

227 2244 338 2308 teneri
359 2253 535 2331 procurent
556 2246 729 2309 memorias
752 2243 952 2330 singolorum
973 2245 1155 2332 principum
1176 2244 1270 2310 huius
1291 2246 1396 2334 patrie
1420 2245 1660 2330 delimatorum,
1693 2269 1752 2334 pro
1783 2245 1900 2334 quibus

224 2366 396 2450 assignent
424 2361 466 2428 ad
494 2363 600 2428 minus
635 2359 750 2428 decem
777 2383 959 2428 marcarum
994 2361 1143 2428 redditus
1179 2384 1269 2430 more
1307 2365 1402 2430 solito
1436 2364 1704 2450 distribuendos,
1738 2363 1901 2452 Quodque

227 2481 351 2548 similes
380 2481 495 2547 decem
522 2503 704 2546 marcarum
733 2481 879 2547 redditus
907 2482 991 2546 inter
1020 2483 1194 2547 canonicos
1228 2493 1398 2571 presentes
1434 2485 1468 2549 in
1495 2485 1601 2548 missis
1629 2493 1662 2549 et
1691 2484 1839 2570 vesperis
1867 2484 1901 2548 in

227 2601 482 2690 quadragesima
503 2600 638 2686 singulis
662 2602 795 2666 annisa
825 2600 878 2665 die
908 2602 1051 2664 cinerum
1078 2601 1282 2688 incipiendo,
1316 2624 1485 2692 quousque
1514 2599 1718 2686 durauerint,
1752 2600 1900 2666 omnibus

228 2719 348 2785 diebus
369 2719 523 2785 Mercurii
545 2729 579 2785 et
600 2717 737 2786 Sabbati
758 2741 818 2806 pro
841 2717 987 2808 qualibet
1014 2721 1087 2786 vice
1116 2741 1177 2785 sex
1206 2718 1331 2785 denarii
1358 2719 1490 2786 vsuales
1519 2717 1777 2804 destribuantur,
1810 2719 1901 2785 Resi-

228 2838 330 2904 duum
352 2860 431 2904 vero
456 2861 498 2904 ex
521 2838 615 2903 dictis
637 2836 740 2902 tribus
762 2837 908 2925 partibus
931 2859 992 2902 seu
1014 2839 1138 2924 quartis
1168 2837 1365 2903 decimarum
1388 2838 1571 2905 huiusmodi
1593 2839 1813 2918 communitati
1835 2837 1901 2902 dic-

229 2965 337 3022 torum
361 2955 563 3021 dominorum
587 2956 728 3044 Capituli
749 2955 960 3045 applicamus.
1005 2957 1041 3023 Si
1063 2958 1167 3021 eciam
1189 2955 1367 3021 secundum
1390 2959 1565 3023 varietates
1589 2965 1771 3044 temporum
1792 2955 1899 3020 reddi-

227 3087 278 3142 tus
301 3083 481 3140 memorate
504 3075 644 3140 ecclesie
668 3056 762 3162 Csby
783 3076 955 3163 plurimum
977 3084 1281 3160 augmentarentur,
1304 3061 1366 3140 aut'
1384 3075 1503 3159 eciam,
1538 3074 1625 3162 quod
1647 3075 1738 3140 Deus
1761 3083 1897 3159 auertat,

228 3193 475 3278 decrescerent,
509 3215 714 3260 reseruemus
744 3193 839 3258 nobis
868 3203 902 3258 et
928 3197 1048 3258 nostris
1076 3193 1320 3259 successoribus
1342 3193 1416 3281 plus
1438 3194 1620 3260 autminus
1643 3191 1736 3257 dictis
1760 3191 1898 3256 dominis

229 3309 381 3400 Capitulo
410 3320 443 3376 et
471 3322 631 3400 perpetuo
659 3322 772 3378 curato
793 3313 915 3378 vicario
938 3335 1036 3399 posse
1058 3313 1238 3397 reseruari,
1270 3313 1365 3377 vnius
1393 3321 1486 3399 parte
1516 3321 1612 3376 aucta
1633 3320 1666 3375 et
1687 3309 1819 3375 alterins
1844 3309 1898 3374 de-

228 3439 348 3513 tracta,
382 3430 561 3496 secundum
583 3431 671 3518 quod
693 3430 781 3495 bona
803 3430 975 3497 dictauerit
1003 3433 1211 3498 conscientia.
1269 3431 1342 3513 Que
1373 3432 1482 3495 omnia
1510 3441 1543 3495 et
1571 3429 1698 3518 singula
1728 3429 1897 3516 dictasque

227 3547 339 3613 literas
360 3549 470 3633 regias
494 3550 581 3614 etin
603 3551 650 3615 eis
674 3559 826 3615 contenta
849 3559 882 3614 et
903 3549 989 3616 hunc
1010 3559 1156 3615 nostrum
1176 3571 1368 3636 processum
1393 3548 1489 3614 vobis
1523 3549 1672 3613 omnibus
1701 3558 1733 3613 et
1762 3547 1898 3632 singulis

229 3667 424 3755 supradictis
447 3677 481 3732 et
503 3678 644 3733 reanum
674 3667 805 3734 cuilibet
831 3670 1014 3735 intimamus
1045 3679 1078 3735 et
1105 3669 1323 3752 notificamus,
1356 3691 1396 3734 ac
1423 3667 1466 3733 ad
1496 3675 1639 3737 vestram
1668 3676 1700 3732 et
1728 3665 1898 3732 cuiuslibet

228 3795 374 3852 vestrum
395 3787 549 3855 noticiam
571 3786 762 3852 deducimus
784 3796 817 3853 et
838 3786 957 3852 deduci
977 3787 1128 3854 volumus
1150 3809 1210 3874 per
1237 3796 1418 3874 presentes.
1462 3787 1501 3852 ln
1529 3808 1666 3874 quorum
1693 3786 1835 3850 omnium
1864 3794 1897 3850 et
2017 3841 2022 3849 ,

228 3905 430 3991 singulorum
457 3906 688 3992 premissorum
717 3904 815 3969 fidem
845 3915 878 3970 et
905 3907 1122 3972 testimonium
1149 3915 1321 3992 presentes
1348 3905 1459 3970 literas
1485 3905 1558 3970 fieri
1586 3914 1619 3971 et
1646 3926 1707 3992 per
1727 3884 1897 3969 Notarium

227 4023 398 4089 Pnblicurn
425 4023 665 4111 infrascriptum
694 4023 855 4090 subscribi
884 4032 916 4088 et
943 4023 1116 4112 publicari,
1148 4025 1316 4111 nostrique
1346 4022 1482 4088 fecimus
1509 4046 1548 4089 ac
1575 4022 1766 4094 mandamus
1800 4021 1898 4108 sigilli

228 4144 429 4230 appensione
452 4143 651 4209 communiri.
693 4143 814 4208 Datum
838 4151 871 4208 et
892 4151 998 4208 actum
1020 4143 1054 4208 in
1078 4142 1218 4211 ecclesia
1240 4142 1505 4230 Hadersleuensi,
1528 4142 1600 4208 loco
1623 4140 1792 4228 capitulari
1814 4143 1897 4206 eius-

230 4260 314 4346 dem,
348 4259 409 4327 sub
432 4281 517 4327 anno
539 4262 715 4326 natiuitatis
739 4261 859 4326 domini
881 4261 925 4326 Μ.
940 4261 1069 4327 CCCC.
1079 4260 1170 4326 LXI.
1212 4261 1392 4328 Indictioue
1421 4285 1524 4347 nona,
1558 4260 1611 4324 die
1633 4282 1712 4326 vero
1734 4260 1897 4343 Mercurii,

229 4389 323 4446 sexta
353 4377 481 4450 decima
508 4381 627 4445 mensis
660 4379 870 4463 Decembris,
903 4379 1115 4446 Pontificatus
1150 4381 1342 4446 sanctissimi
1367 4382 1407 4444 in
1441 4379 1549 4445 Cristo
1582 4379 1683 4466 patris
1716 4387 1749 4444 et
1776 4378 1897 4442 domini

228 4499 331 4562 nostri
356 4497 492 4564 Domini
513 4498 565 4562 Pii
594 4499 703 4563 diuina
731 4498 943 4586 prouidencia
964 4498 1054 4585 Pape
1086 4497 1221 4564 secundi
1243 4519 1328 4563 suno
1352 4508 1477 4584 quarto.
1532 4497 1745 4561 Presentibus
1773 4494 1895 4560 ibidem

229 4614 472 4682 honorabilibus
496 4626 528 4682 ct
551 4617 699 4682 discretis
720 4618 799 4683 viris
822 4617 960 4682 dominis
982 4617 1118 4684 Nicolao
1140 4615 1341 4682 Mestmaker
1360 4626 1392 4682 et
1411 4614 1683 4682 AndreaNicolai
1703 4611 1894 4701 presbiteris

228 4735 416 4802 Bremensis
445 4744 477 4799 et
508 4734 732 4824 Sleswicensis
763 4735 918 4819 diocesis,
950 4757 1014 4801 nec
1040 4758 1107 4802 non
1132 4735 1284 4802 lohanne
1317 4734 1415 4799 Soest
1450 4743 1483 4798 et
1515 4733 1648 4800 Paulo.
1673 4781 1680 4796 .
1705 4729 1895 4796 ..clericis

228 4853 421 4920 Lubicensis
445 4863 478 4918 et
498 4854 650 4940 Ripensis
673 4853 822 4938 diocesis,
845 4855 983 4920 testibus
1005 4855 1048 4920 ad
1070 4855 1230 4942 premissa
1250 4854 1375 4918 vocatis
1398 4852 1582 4939 specialiter
1605 4849 1791 4936 abrogatis.
1871 4884 1878 4900 ·

381 4971 520 5038 Silridus
549 4971 693 5038 Conradi
722 4972 858 5039 clericus
887 4952 1112 5040 sleswicensis
1139 4971 1295 5038 Publicus
1324 4971 1487 5058 imperiali
1522 4971 1713 5036 auctoritate
1741 4967 1895 5034 Notarius

229 5089 429 5178 subscripsit.
1451 5109 1575 5175 (Regisn.
1595 5107 1692 5175 Capio)
