5088 6416
1849 715 1892 782 29

269 886 403 978 batione
426 910 585 980 dictorum
607 910 792 978 reddituum
813 912 988 1000 specialem
1011 913 1112 980 debet
1132 913 1254 979 habere
1276 915 1466 980 memoriam
1493 915 1527 978 in
1554 914 1699 1002 qnalibet
1719 918 1820 982 missa
1839 915 1934 1002 illius,

268 1031 311 1099 de
334 1031 424 1104 cirins
446 1029 540 1096 bonis
562 1030 707 1117 predicte
730 1033 939 1117 pecuniarum
963 1054 1085 1098 summe
1108 1031 1225 1118 largite
1255 1042 1330 1098 sunt
1357 1041 1390 1096 et
1417 1031 1461 1096 ad
1486 1034 1591 1098 minus
1612 1035 1646 1098 in
1669 1034 1815 1122 qualibet
1837 1035 1934 1121 repti-

264 1171 363 1214 mana
394 1148 515 1214 habere
551 1149 651 1214 debet
672 1149 861 1235 suffragium
893 1172 953 1238 pro
986 1152 1092 1216 anime
1124 1151 1227 1238 ipsius
1260 1150 1374 1216 salute.
1427 1152 1668 1217 Renunciantes
1701 1155 1735 1218 in
1766 1153 1934 1240 premissis

267 1270 355 1334 omni
384 1269 570 1356 exceptioni
590 1269 763 1355 presertim
784 1289 850 1332 non
871 1278 1039 1334 numerate
1069 1271 1207 1355 pecunie
1237 1279 1270 1334 et
1297 1270 1368 1336 aliis
1398 1261 1515 1356 quibus
1538 1281 1651 1338 contra
1672 1273 1832 1358 premissa
1856 1292 1934 1358 quo·

268 1385 447 1452 modolibct
467 1387 572 1451 iuuari
593 1406 774 1473 possemus.
817 1387 856 1451 ln
878 1409 1015 1474 qnorum
1038 1387 1180 1452 omnium
1201 1387 1301 1453 fidem
1324 1396 1356 1452 et
1378 1389 1596 1454 testimoninm
1624 1390 1764 1476 sigillum
1787 1399 1933 1455 nostium

270 1505 344 1570 huic
372 1504 465 1570 litere
492 1515 603 1570 nostre
627 1503 777 1568 duxnuus
800 1504 1060 1592 appendendum.
1105 1505 1150 1570 Et
1170 1527 1231 1570 nos
1254 1505 1393 1592 'l’ymmo
1417 1505 1591 1572 smalstede
1615 1507 1753 1592 Cantor,
1782 1509 1933 1574 Andreas

268 1625 366 1710 petri,
401 1622 480 1690 Otto
511 1621 631 1707 drake,
657 1622 776 1688 Petrus
798 1623 963 1708 Partzow,
992 1631 1024 1688 et
1051 1632 1163 1710 petrus
1185 1623 1281 1688 lwari
1307 1625 1340 1689 in
1361 1626 1580 1690 testimonium
1607 1627 1839 1712 premissorum
1868 1647 1934 1692 om-

266 1743 356 1806 ninm
376 1743 496 1806 nostris
519 1740 632 1826 sigillis
653 1742 788 1828 priuatis
810 1749 996 1828 presentem
1017 1741 1144 1806 literam
1168 1741 1318 1808 duximus
1340 1742 1558 1808 muniendam.
1591 1744 1712 1808 Datum
1731 1742 1933 1810 Swaffstedis

267 1863 364 1926 Anno
388 1860 509 1926 domini
530 1859 702 1926 Millesimo
726 1859 1044 1947 quadringentesimo
1069 1861 1338 1948 quiuquagesimo
1361 1871 1476 1948 quarto
1500 1861 1553 1926 die
1570 1862 1660 1949 jonis
1685 1863 1837 1949 proxima
1857 1871 1933 1927 ante

267 1979 384 2045 festum
405 1987 623 2065 pentecostes.
1526 1998 1600 2067 Orig.
1618 2015 1693 2067 psrg.
1711 2016 1734 2050 c.
1752 2001 1855 2068 sigillis.

1066 2165 1126 2224 30.

268 2287 383 2352 nmo
399 2287 532 2373 capitoli
545 2283 815 2352 Hodaroleotimsio
834 2283 872 2348 de
888 2283 1111 2349 deminantis
1122 2285 1266 2370 pertenire
1281 2285 1451 2366 pNicoloo
1472 2287 1617 2374 episcopo
1635 2287 1777 2374 Oopo‘tolo
1799 2286 1932 2352 donatis.

1615 2443 1696 2508 1454,
1717 2443 1751 2493 ir
1768 2443 1866 2494 uovbr.

416 2575 485 2642 ries
508 2575 647 2661 Tymmo
671 2571 854 2640 Smalstedc
879 2573 1002 2640 Cantor
1029 2583 1063 2639 et
1095 2583 1197 2640 totum
1226 2573 1401 2662 capitulum
1429 2574 1695 2640 Hadersleucnse
1722 2575 1861 2641 fatemur
1894 2598 1933 2641 ac

269 2717 330 2782 per
349 2703 520 2780 presentes
542 2693 823 2778 recognoscimus,
856 2693 945 2779 quod
968 2692 1090 2758 dudum
1113 2687 1292 2758 leuauimus
1313 2694 1346 2758 in
1368 2704 1518 2782 prompta
1539 2673 1679 2781 pecunia
1700 2693 1831 2760 LXXX
1852 2717 1934 2760 mar·

269 2835 324 2878 cas
347 2811 547 2878 Lubicenses
569 2833 590 2874 a
612 2809 808 2876 Reuerendo
829 2811 863 2875 in
887 2810 994 2877 Oristo
1016 2822 1109 2898 patre
1131 2834 1171 2876 ac
1193 2812 1334 2894 domino,
1357 2813 1487 2877 domino
1505 2810 1640 2877 Nicolao
1658 2812 1824 2899 Episcopo
1847 2812 1934 2878 Sles·

267 2930 409 3014 wicensi,
432 2929 562 2994 domino
584 2937 695 2993 nostro
718 2930 872 3014 gratioso,
896 2953 976 3017 quas
999 2921 1192 3018 pro'dinino
1216 2929 1303 2996 cultu
1323 2930 1564 2996 manutenendo
1581 2931 1624 2995 ad
1642 2932 1820 2996 ministeria
1836 2931 1933 2996 infra-

266 3050 386 3136 scripta
408 3047 555 3132 donauit,
586 3045 753 3132 videlicet,
786 3057 822 3112 ut
843 3047 990 3113 redditus
1013 3071 1056 3113 ex
1077 3046 1260 3114 huiusmodi
1281 3047 1413 3114 LXXX
1433 3049 1550 3112 marcis
1571 3049 1802 3135 proueniantes
1826 3048 1931 3114 distri-

265 3166 407 3232 buantur
427 3167 556 3231 interim
579 3165 668 3253 quod
689 3164 807 3230 durant
840 3167 1004 3232 canonicis
1034 3178 1068 3231 et
1093 3167 1223 3232 vicariis
1251 3167 1458 3254 presentibus
1485 3168 1518 3231 in
1545 3165 1809 3255 processionibus
1838 3178 1871 3232 et
1897 3169 1931 3232 in

264 3287 370 3352 missis
392 3286 564 3350 Dominica
585 3305 651 3371 qua
671 3284 704 3348 in
724 3283 863 3349 ecclesia
884 3285 949 3349 Dei
971 3295 1118 3350 canmtur
1141 3284 1282 3350 officinm
1304 3285 1450 3350 Adorate
1467 3286 1586 3370 Deum,
1609 3295 1642 3351 et
1664 3285 1826 3350 dominica
1847 3286 1931 3351 Esto

264 3404 369 3489 michi,
392 3413 425 3468 et
448 3403 615 3468 dominicis
638 3403 883 3468 occurrentibus
905 3403 989 3468 infra
1011 3403 1177 3491 pascalem
1199 3413 1234 3468 et
1254 3411 1462 3491 pentecostes
1484 3404 1686 3486 festiuitates,
1701 3413 1741 3494 ,et
1763 3413 1798 3470 nt
1814 3405 1870 3491 pia
1885 3407 1932 3493 ip-

265 3525 331 3588 sius
360 3523 481 3588 domini
509 3522 613 3586 nostri
638 3520 794 3607 Episcopi
822 3521 977 3587 antedicti
1006 3523 1149 3589 intencio
1179 3525 1266 3588 circa
1298 3522 1458 3608 premissa
1490 3521 1697 3605 obseruetur,
1730 3543 1802 3588 cum
1837 3524 1931 3590 dictis

264 3641 399 3706 LXXX
420 3641 537 3706 marcis
564 3640 698 3704 emimus
727 3639 873 3705 redditus
895 3641 960 3707 Vll
980 3663 1160 3706 marcarum
1185 3640 1429 3724 Lubicensium,
1458 3661 1553 3726 quas,
1586 3649 1622 3704 ut
1642 3642 1852 3726 premittitur,
1885 3642 1931 3706 di·

265 3759 378 3824 stribni
401 3759 637 3846 ordinabimus,
658 3783 721 3826 nec
742 3781 808 3825 non
831 3760 858 3825 0
880 3780 1007 3825 marcas
1030 3757 1151 3824 smiles
1174 3781 1195 3823 a
1216 3757 1303 3823 dicto
1326 3757 1457 3824 domino
1479 3767 1590 3824 nostro
1613 3757 1748 3825 Nicolao
1761 3759 1927 3848 Episcopo

264 3879 442 3944 leuauimus
463 3880 496 3943 in
518 3887 670 3966 prompta
689 3878 844 3967 pecunia,
870 3900 930 3966 pro
953 3877 1070 3966 quibus
1095 3877 1229 3942 eminius
1249 3876 1313 3942 VH
1335 3897 1517 3942 marcarum
1549 3877 1712 3961 redditus,
1742 3899 1878 3964 quarum
1901 3878 1928 3943 0

264 4019 444 4062 marcarum
466 3997 493 4060 L
516 4019 624 4062 maroe
655 4006 688 4062 et
708 3996 858 4062 redditus
881 4019 924 4064 ex
946 3997 993 4062 eis
1015 3996 1262 4082 proueniantes,
1296 3996 1460 4080 assignate
1489 3995 1627 4060 suntad
1649 4005 1841 4082 perpetuum
1862 4019 1928 4062 me-

264 4117 399 4180 moriam
420 4116 570 4202 proxima
593 4114 645 4180 die
667 4114 773 4181 feriali
793 4125 869 4203 post
896 4113 1072 4180 secundam
1105 4113 1299 4178 dominicam
1327 4113 1486 4179 aduentus
1514 4113 1591 4177 inde
1621 4123 1814 4200 sequentem
1843 4115 1930 4180 omni

264 4255 348 4298 anuo
371 4233 406 4298 in
426 4235 546 4320 vigiliis
570 4245 603 4300 et
623 4236 730 4300 missis
760 4233 988 4299 celebrandam
1011 4255 1071 4320 pro
1094 4233 1202 4296 anima
1224 4231 1387 4319 quondam
1416 4231 1537 4298 domini
1557 4231 1715 4297 Johannis
1737 4233 1873 4298 rectoris
1895 4234 1929 4299 in

265 4351 416 4440 Klipldw,
438 4355 540 4418 nostri
563 4353 733 4418 confratris
756 4362 789 4418 et
810 4351 1031 4435 concanonici,
1054 4350 1130 4415 dnm
1152 4351 1284 4436 vixit¹);
1306 4350 1380 4415 Alie
1401 4351 1527 4416 veroL
1546 4373 1746 4416 marescum
1770 4352 1835 4416 suis
1857 4351 1930 4416 red·

265 4471 385 4536 ditibus
407 4473 571 4557 assignate
595 4481 627 4536 et
649 4471 769 4535 donate
791 4479 866 4534 snnt
888 4491 948 4558 pro
972 4491 1098 4534 summa
1118 4469 1218 4534 missa
1241 4470 1328 4534 omni
1351 4469 1404 4534 die
1427 4468 1588 4534 cantanda
1608 4469 1643 4532 in
1664 4467 1763 4533 choro
1786 4469 1930 4534 Heders·

265 4588 406 4673 lenensi,
428 4588 488 4654 sed
508 4591 555 4654 ita
577 4589 665 4676 quod
688 4589 868 4655 celebranti
891 4588 1073 4653 huiusmodi
1095 4589 1226 4660 missam
1252 4609 1291 4652 ac
1315 4588 1468 4652 existenti
1488 4586 1679 4675 precedenti
1692 4595 1796 4650 nocte
1820 4597 1854 4652 ct
1875 4586 1929 4653 die

263 4707 297 4772 in
324 4709 471 4794 vesperis
500 4717 533 4774 et
564 4709 720 4774 matutino
751 4693 851 4772 omni*
871 4706 924 4771 die
961 4706 1173 4772 distribuatur
1200 4727 1285 4770 vnus
1318 4705 1439 4771 solidus
1471 4704 1678 4789 Lubicensis,
1711 4704 1928 4770 continuando

265 4825 349 4891 hano
372 4826 650 4910 distribucionem,
680 4823 784 4890 donec
805 4825 988 4890 huiusmodi
1009 4824 1073 4890 llll
1095 4847 1275 4890 marcarum
1303 4824 1450 4891 redditus
1476 4823 1618 4889 totaliter
1646 4833 1720 4889 sunt
1747 4823 1927 4889 distribute.

263 4945 403 5038 Rursum
430 4956 626 5010 memoratus
656 4944 804 5009 dominus
832 4953 944 5008 noster
965 4943 1150 5030 Episcopus
1179 4942 1275 5008 nobis
1302 4943 1436 5009 tradidit
1462 4943 1542 5008 alias
1564 4943 1621 5006 Lea
1643 4963 1770 5006 marcas
1798 4913 1929 5026 similes,

265 5084 337 5128 cuin
356 5061 473 5150 quibus
491 5065 625 5129 emimus
642 5062 706 5128 llll
723 5085 904 5128 marcarum
923 5063 1080 5146 redditus,
1104 5083 1186 5148 quos
1206 5061 1355 5128 redditus
1378 5065 1406 5128 si
1424 5063 1493 5147 (sio)
1515 5060 1696 5126 reseruanit
1719 5059 1801 5124 solui
1824 5057 1929 5124 donec

263 5179 359 5248 aliter
381 5181 511 5248 duxerit
533 5181 706 5270 disponere
730 5181 771 5245 ds
795 5180 929 5246 eisdem.
961 5182 1120 5246 Preterea
1141 5160 1227 5245 vltra
1247 5180 1394 5246 redditus
1405 5181 1474 5246 XX
1484 5181 1579 5246 vnius
1600 5200 1782 5244 marcarum
1804 5188 1929 5265 emptos

264 5321 326 5385 pro
351 5298 438 5366 000
460 5302 578 5366 marcis
600 5297 837 5385 lubicensibus,
864 5299 982 5386 quibus
1004 5299 1083 5364 alias
1113 5299 1227 5366 dotata
1247 5300 1311 5366 fuit
1331 5300 1454 5365 vicaria
1475 5300 1580 5364 sancti
1602 5299 1746 5385 spiritus,
1774 5297 1826 5362 cni
1848 5317 1929 5362 onus
