5156 6424
1882 745 1925 812 tt

300 942 375 1008 trylrt
396 941 461 994 ester
482 940 636 1010 Originalau
658 943 669 994 i
689 941 907 1007 Diplomatarium
928 941 1069 994 Christiani
1087 945 1176 1012 primi,
1203 943 1266 996 Side
1285 945 1343 996 116.
1377 945 1504 1014 Kougcus
1528 945 1741 998 Donationsbrev
1762 947 1812 1000 bar
1832 948 1919 1002 altsaa
1941 956 1971 1002 et

301 1028 517 1080 mmmDmm.

1109 1245 1168 1306 18.

300 1383 415 1450 La'tcroe
435 1383 651 1448 canonicorum
671 1381 984 1468 Hadcrsteciemiom,
1003 1383 1118 1470 quum
1138 1397 1302 1468 tcatoatur,
1331 1385 1457 1472 plectam
1484 1388 1736 1476 computationem
1752 1387 1882 1474 factam
1902 1410 1970 1453 ecoe

594 1524 615 1565 a
635 1499 759 1566 Detleoo
788 1501 931 1587 Wolfson
953 1501 991 1571 da
1011 1500 1194 1588 redditibus,
1216 1503 1261 1568 od
1270 1504 1436 1592 fabricam
1456 1505 1673 1590 sperantum.

1670 1661 1750 1728 1461,
1767 1663 1784 1712 3
1801 1661 1899 1714 Dacbr.

454 1792 612 1860 Omnibus
634 1813 769 1880 presens
792 1793 946 1880 scriptum
968 1791 1178 1858 cernentibus
1201 1814 1260 1859 seu
1282 1793 1487 1861 audientibus
1509 1794 1673 1860 Henricus
1697 1795 1826 1880 Krogb,
1848 1796 1968 1862 Petrus

302 1911 407 1997 Iwari,
429 1913 591 1978 Henrious
613 1912 801 1995 Hermanni,
824 1910 1005 1997 Gregorius
1026 1912 1185 1979 Jobauuis
1208 1922 1241 1977 et
1259 1887 1379 1978 ¹Petrus
1401 1913 1583 1997 Laurencli,
1608 1913 1766 1980 Oanonici
1783 1913 1968 1999 Collegiate

301 2031 440 2095 ecclesio
462 2030 603 2116 gloriose
625 2031 760 2116 virginis
781 2029 885 2095 Marie
907 2029 1191 2116 Hedersleueusis,
1216 2031 1439 2100 sleswicensis
1462 2029 1613 2116 diocesis,
1637 2033 1670 2096 in
1692 2031 1848 2098 absencia
1869 2053 1969 2098 vene·

299 2148 411 2215 rabilis
438 2149 499 2213 viri
521 2148 651 2214 Domini
673 2149 862 2236 Tymmouis
886 2149 1108 2234 Smalsteden,
1139 2151 1288 2216 Oantoris
1316 2150 1464 2216 eiusdem
1484 2151 1519 2214 iu
1539 2153 1672 2216 remotis
1694 2154 1838 2238 agentis,
1866 2152 1960 2220 Salu-

300 2275 367 2334 tem
388 2269 421 2332 in
444 2267 572 2332 domino
601 2269 840 2356 sempiternam.
886 2267 1045 2333 Omnibus
1073 2278 1106 2336 et
1134 2269 1269 2356 singulis
1292 2278 1361 2334 tam
1387 2267 1593 2355 presentibus
1623 2291 1720 2356 quam
1747 2272 1862 2338 futuris
1892 2295 1969 2338 con·

302 2395 388 2452 stare
410 2386 559 2452 volumus
580 2408 640 2474 per
667 2397 855 2474 presentes,
888 2387 978 2476 quod
1004 2409 1110 2476 nuper
1138 2388 1192 2454 die
1219 2388 1294 2454 date
1321 2388 1526 2474 presencium
1555 2409 1615 2474 pro
1645 2401 1738 2477 parte
1767 2389 1969 2456 honorabilis

302 2504 424 2570 domiui
444 2506 577 2571 Detleui
598 2506 767 2592 Wulfson,
798 2508 901 2600 nostri
923 2506 1146 2572 Ooneanouiei
1168 2529 1208 2574 ac
1226 2505 1406 2596 prouisoris
1428 2505 1551 2572 fabrice
1574 2507 1714 2574 ecclesie
1736 2509 1899 2596 predicte,
1923 2509 1966 2574 dc

301 2623 450 2690 omnibus
473 2633 505 2688 et
527 2624 662 2710 singulis
682 2623 864 2690 redditibus
892 2625 1049 2691 fabricam
1080 2624 1365 2709 concernentibus,
1398 2624 1552 2690 videlicet
1580 2628 1737 2713 pensione
1767 2628 1968 2713 colonorum,

302 2743 524 2831 proueutibus,
546 2741 779 2828 oblacionibus,
802 2742 1037 2828 emolumentis,
1059 2765 1118 2808 seu
1138 2744 1266 2830 legatia,
1289 2753 1322 2809 et
1342 2745 1502 2830 terragio,
1524 2765 1564 2810 ac
1584 2745 1681 2810 nullis
1703 2749 1833 2812 omnino
1856 2745 1981 2832 demp-'

300 2862 359 2946 tis,
391 2861 520 2948 plenam
548 2871 581 2926 et
608 2861 820 2928 sufficientem
842 2863 1025 2951 recepimus
1053 2866 1331 2950 computacionem
1359 2871 1392 2926 et
1415 2883 1527 2927 eorum
1549 2864 1709 2950 integram
1731 2872 1765 2928 et
1786 2865 1968 2952 plenariam

304 2980 502 3045 solucionem
524 2980 566 3046 de
589 2979 716 3046 duobus
738 2982 830 3048 aunis
851 2982 1023 3046 transactis
1047 2979 1249 3066 immediate,
1281 2981 1369 3046 unde
1396 2982 1503 3068 ipsum
1531 2981 1696 3046 domiuum
1716 2982 1894 3048 Detleuum
1923 2981 1967 3047 de

302 3097 450 3163 omnibus
473 3107 505 3162 et
528 3098 662 3186 siugulis
685 3101 731 3165 sic
753 3101 916 3186 perceptis
940 3099 1100 3187 quibamus
1124 3107 1157 3164 et
1178 3110 1292 3166 tenore
1313 3100 1520 3186 presencium
1550 3101 1673 3187 quitum
1701 3103 1966 3188 pronunciamus.

300 3217 338 3282 In
360 3220 451 3282 cuius
473 3220 520 3284 rei
549 3219 766 3283 testimonium
790 3216 936 3303 Sigillum
959 3215 1101 3305 Oapitub
1127 3220 1230 3284 nostri
1250 3216 1459 3305 presentibus
1483 3227 1533 3283 est
1554 3241 1744 3306 appensum.
1787 3217 1914 3289 Datum
1932 3228 1967 3285 et

301 3345 407 3401 actum
431 3357 516 3402 auno
538 3337 671 3402 Domini
692 3335 860 3401 millesimo
889 3336 1208 3424 quadringentesimo
1237 3338 1443 3424 sexagesimo
1473 3339 1593 3424 primo,
1625 3338 1709 3404 feria
1736 3339 1849 3426 quinta
1878 3336 1967 3402 iufra

301 3463 434 3519 octenas
455 3454 545 3520 beati
566 3455 699 3520 Andree
721 3454 881 3542 Apostoli.

199 3546 207 3562 ι
452 3573 557 3662 Copia
578 3574 683 3660 papiri
706 3573 820 3638 cadule
845 3571 1058 3658 obligaciouis
1079 3573 1204 3642 fabrice
1227 3585 1289 3641 etc.

453 3691 612 3765 Omnibus
633 3713 769 3779 presens
791 3693 946 3779 scriptum
968 3693 1174 3759 cernentibus
1197 3716 1255 3759 seu
1277 3694 1482 3762 audientibus
1504 3695 1668 3761 Heuricus
1689 3693 1819 3779 Krocb,
1844 3693 1965 3760 Petrus

299 3811 404 3894 Inari,
428 3811 588 3876 Henricus
611 3811 798 3894 Hermauni,
822 3811 1002 3897 Gregorius
1023 3812 1182 3878 Jobaunis
1209 3821 1241 3878 et
1262 3813 1379 3879 Petrus
1400 3815 1588 3900 Laurencii,
1611 3813 1769 3880 Canmici
1790 3811 1965 3898 collegiata

300 3929 439 3996 ecclesie
460 3928 602 4015 gloriose
623 3930 758 4014 virginis
780 3929 883 3994 Marie
906 3929 1188 4016 Hadersleueusis,
1211 3931 1436 3998 sleswicensis
1459 3932 1607 4017 diocesis,
1630 3934 1663 3998 in
1685 3930 1841 3997 absencia
1863 3951 1962 3995 vene·

300 4045 412 4114 rabilis
434 4049 497 4113 viri
517 4047 649 4112 Domini
670 4047 860 4135 Tymmouis
883 4047 1105 4134 Smalsteden,
1141 4049 1293 4118 Cantor-is
1316 4051 1461 4116 eiusdem
1482 4053 1516 4116 in
1537 4051 1670 4116 remotis
1698 4050 1842 4135 agentis,
1869 4048 1964 4115 Salu-

298 4175 364 4232 tem
385 4167 419 4232 iu
442 4165 571 4232 domino
595 4167 832 4252 sempiternam.
877 4167 1036 4234 Omnibus
1067 4177 1099 4234 et
1127 4169 1261 4256 singulis
1290 4179 1355 4235 tam
1383 4169 1589 4256 presentibus
1621 4191 1718 4256 quam
1744 4167 1860 4232 futuris
1887 4189 1964 4232 con-

299 4295 385 4350 stare
408 4283 555 4350 volumus
578 4306 637 4372 per
663 4294 849 4371 presentes,
883 4287 970 4372 quod
1002 4309 1107 4374 nuper
1136 4287 1188 4352 die
1217 4288 1291 4353 date
1321 4289 1526 4375 presencium
1553 4308 1613 4373 pro
1641 4297 1734 4373 parte
1762 4283 1963 4350 honorabilis

297 4403 360 4467 viri
381 4403 514 4468 Domini
535 4402 666 4468 Detleui
687 4401 838 4469 Wulfson
858 4407 961 4470 nostri
989 4407 1199 4472 concanonici
1226 4429 1265 4471 ac
1293 4406 1470 4493 prouisoris
1498 4404 1622 4470 fabrice
1650 4403 1796 4490 predicte
1819 4402 1960 4468 ecclesie

297 4522 429 4586 racione
452 4523 521 4586 siue
545 4521 789 4609 computacione
811 4522 957 4609 plenaria
979 4534 1011 4590 et
1034 4524 1213 4590 sufficiente
1237 4524 1278 4590 de
1308 4523 1456 4588 omnibus
1485 4532 1519 4588 et
1544 4523 1679 4606 singulis
1706 4521 1888 4588 redditibus
1915 4524 1962 4588 la·

296 4639 421 4706 bricam
443 4639 723 4723 concernentibus,
744 4641 861 4727 legatis
884 4651 918 4707 ct
938 4644 1105 4728 terragiis,
1126 4642 1222 4708 nullis
1245 4643 1374 4706 omnino
1397 4641 1546 4728 demptis,
1569 4662 1679 4706 coram
1699 4640 1794 4706 nobis
1817 4641 1960 4706 factast

296 4758 408 4825 habita
430 4757 471 4822 de
495 4757 621 4824 duobus
644 4761 736 4824 anuis
757 4760 941 4826 immediate
964 4763 1151 4839 transactis,
1184 4756 1315 4826 Extunc
1342 4759 1467 4824 fabrica
1494 4759 1579 4824 dicte
1608 4759 1747 4824 ecclesie
1775 4741 1881 4824 cidem
1904 4759 1961 4824 do-

297 4879 384 4944 mino
408 4878 548 4944 Detleuo
570 4900 630 4965 pro
653 4877 758 4944 Cruce
780 4881 814 4943 iu
836 4879 971 4946 lectorio
995 4881 1082 4946 etin
1102 4880 1210 4944 medio
1234 4879 1370 4945 ecclesie
1391 4887 1505 4943 'erecta
1532 4878 1765 4965 quinquaginta
1786 4878 1903 4941 marcis
1926 4885 1961 4942 et
2011 4899 2013 4904 ·

298 5005 456 5084 exparte
478 4995 601 5061 fabrice
624 4995 840 5083 quadraginta
860 4998 979 5064 mareis
997 5001 1118 5064 exstitit
1140 4998 1293 5085 obligata.
1326 4998 1364 5062 ln
1388 4999 1478 5063 cuius
1499 4997 1548 5062 rei
1569 4995 1788 5061 testimonium
1810 4993 1962 5080 Sigillum

298 5113 441 5201 Oapituli
461 5115 563 5179 nostri
583 5115 790 5202 presentibus
813 5127 863 5183 est
882 5119 1085 5206 impressum.
1128 5118 1250 5182 Datum
1277 5139 1361 5182 anno
1388 5117 1521 5182 Domini
1542 5115 1714 5180 Millesimo
1742 5113 1963 5201 quadringen-

297 5235 414 5299 tesimo
437 5235 643 5320 sexagesimo
664 5236 778 5322 primo,
799 5235 882 5302 feria
903 5239 1016 5324 quinta
1036 5235 1120 5302 infra
1143 5245 1275 5301 octauas
1296 5234 1386 5302 beati
1407 5235 1541 5300 Andree
1564 5231 1722 5320 Apostoli.

1521 5355 1645 5422 (regim.
1658 5354 1756 5420 capu.)

1722 5454 1756 5508 ,a
