5088 6416
1916 646 1937 710 5

320 852 447 938 aperire
469 861 618 916 tenemur
640 852 767 916 viscera
788 851 947 933 caritatis,
979 848 1043 913 illis
1065 859 1174 914 tamen
1196 847 1368 935 specialius
1391 857 1424 912 et
1446 846 1681 932 abundancius,
1710 849 1765 934 qui
1787 851 1820 912 in
1842 850 1979 914 seruieio

321 971 394 1054 Dei,
416 993 511 1057 quam
532 969 634 1034 dulcis
657 979 721 1051 est,
743 991 861 1034 vacare
884 967 1060 1033 stridere
1086 965 1259 1032 salubriter
1279 966 1457 1052 elegerunt.
1502 964 1598 1031 Vnde
1623 968 1792 1051 noueritis,
1815 967 1902 1056 quod
1925 968 1980 1032 ho-

319 1087 483 1154 norabiles
505 1090 566 1154 viri
587 1089 682 1156 nobis
706 1086 815 1152 dilecti
837 1086 895 1150 filii
911 1085 1008 1151 Tuko
1023 1084 1146 1151 Cantor
1167 1094 1333 1174 totumque
1348 1082 1532 1170 Capitulum
1544 1084 1817 1170 Hedersleuensis
1828 1085 1977 1151 Ecclesia

321 1206 413 1272 nobis
435 1206 615 1272 retulerunt
638 1204 820 1302 queruloso,
844 1203 931 1291 qnod
953 1203 1041 1270 bona
1063 1205 1300 1273 communitatis
1323 1201 1460 1268 ecclesie
1484 1225 1541 1267 sue
1565 1203 1781 1269 diuersimode
1804 1227 1864 1292 per
1882 1204 1979 1283 male-

320 1326 460 1391 factores
490 1336 524 1391 et
550 1324 757 1412 pestilencias
795 1324 964 1389 deuastata
997 1331 1087 1406 sunt,
1126 1322 1209 1388 adeo
1243 1324 1330 1410 quod
1368 1323 1409 1385 de
1437 1321 1618 1387 redditibus
1650 1323 1794 1409 ipsorum
1822 1325 1979 1389 bonorum

322 1445 494 1509 sustentari
517 1439 685 1508 commode
708 1420 773 1508 non
796 1442 936 1526 valeant,
959 1441 1018 1506 scd
1040 1443 1162 1524 timent,
1185 1440 1272 1528 quod
1296 1441 1490 1506 necessitate
1513 1452 1651 1524 urgente
1673 1443 1707 1506 in
1728 1442 1838 1528 fugam
1861 1445 1981 1526 ineant,

322 1572 353 1626 et
376 1563 526 1627 disiuncti
548 1561 620 1626 loca
641 1560 733 1646 alibi,
756 1561 812 1627 vbi
835 1560 1073 1632 commodosius
1095 1571 1265 1644 maneant,
1294 1579 1432 1646 querere
1456 1558 1623 1624 dolencius
1645 1560 1886 1648 compellantur.
1930 1562 1980 1649 Ip-

321 1702 429 1746 sorum
450 1681 549 1766 igitur
571 1678 729 1744 dictorum
752 1681 890 1746 filiorum
912 1679 1104 1744 dilectorum
1130 1679 1318 1744 necessitati
1345 1677 1556 1765 paternaliter
1578 1679 1831 1766 compacientes,
1867 1703 1980 1747 eorun-

322 1801 396 1865 dem
417 1800 560 1886 inopiam
583 1798 755 1864 subleuare
777 1798 943 1881 volentes,
966 1807 1119 1885 quantum
1141 1799 1175 1863 in
1196 1796 1291 1861 nobis
1315 1807 1379 1879 est,
1400 1798 1530 1862 feruore
1553 1796 1662 1862 diuino
1684 1801 1815 1884 preuio,
1838 1822 1879 1864 ne
1901 1802 1986 1887 ipsis.

324 1917 478 2004 dispersis
507 1917 635 2003 prefata
662 1917 802 1982 ecclesia
830 1917 899 1982 sine
930 1917 1060 1981 seruieii
1082 1915 1183 1981 diuini
1205 1916 1324 1980 decore
1347 1915 1462 1981 orbata
1484 1924 1516 1979 et
1538 1915 1651 2006 relicta
1673 1919 1728 1996 sit,
1762 1920 1981 1986 communitati

319 2034 489 2124 perdilecti
512 2035 653 2122 Capituli
674 2034 799 2100 Altaria
822 2035 916 2100 beate
940 2035 1043 2100 Maria
1065 2036 1216 2120 virginis,
1246 2043 1430 2099 sanctorum
1452 2035 1557 2118 Petri,
1583 2033 1733 2119 Andree,
1766 2037 1884 2101 Jacobi
1906 2059 1981 2124 apo-

322 2156 485 2239 stolorum,
508 2154 633 2238 Crucis,
657 2155 856 2221 etKaterine
880 2153 1001 2219 ibidem
1025 2163 1218 2236 constructa,
1241 2154 1388 2240 quamuis
1409 2153 1503 2219 exilis
1522 2151 1678 2236 redditus,
1700 2175 1765 2218 vna
1788 2177 1860 2220 oum
1884 2159 1981 2221 omni·

321 2274 381 2339 bus
404 2282 436 2338 et
459 2273 593 2357 singulis
616 2275 682 2338 suis
704 2273 913 2361 pertinenciis
936 2295 975 2336 ac
992 2271 1137 2358 juribus,
1170 2271 1431 2358 inseparabiliter
1453 2272 1654 2336 annectimus
1677 2283 1709 2336 et
1731 2275 1867 2338 vnimus.
1915 2276 1982 2340 Da·

321 2405 385 2457 tum
408 2393 504 2456 Anno
527 2392 659 2456 Domini
681 2393 725 2456 M.
739 2391 838 2456 CCC.
851 2391 973 2456 LXXI.
996 2393 1029 2455 in
1051 2389 1164 2476 vigilia
1186 2390 1274 2455 beati
1295 2389 1452 2455 iohannis
1474 2389 1625 2476 baptiste,
1646 2402 1757 2457 nostro
1780 2393 1840 2458 sub
1865 2394 1981 2479 sigillo.

1674 2532 1798 2598 (Registr.
1817 2533 1914 2599 Capit.)
1944 2547 1946 2559 ·

384 2703 541 2767 ERegistro
560 2700 674 2766 Capituli
692 2705 777 2750 exstat
795 2700 865 2750 edita
882 2701 953 2765 apud
970 2700 1129 2764 Michelsen,
1156 2699 1351 2750 Nordfriesland
1369 2701 1404 2749 im
1421 2699 1586 2763 Mittclalter,
1613 2701 1711 2766 pagina
1729 2703 1790 2766 188,
1808 2703 1979 2754 Hellemberti

272 2773 276 2782 ¹
317 2789 433 2853 episcopi
452 2787 625 2837 Slesviceneis
650 2786 740 2851 „litera
757 2786 1038 2835 excommunicacionis
1056 2791 1083 2834 et
1099 2801 1117 2834 a
1134 2785 1229 2835 diuinis
1248 2785 1385 2849 cessionis,
1402 2785 1448 2835 ubi
1464 2785 1558 2850 prelati
1575 2801 1621 2836 seu
1640 2786 1729 2836 clerici
1747 2791 1898 2854 capiuntur”
1921 2795 1979 2854 etc,

317 2873 349 2922 de
376 2889 443 2923 anno
472 2874 551 2936 1341,
577 2873 623 2923 ubi
647 2872 782 2937 leguntur:
812 2870 926 2934 „clamor
952 2869 1055 2920 validus
1082 2875 1109 2920 et
1136 2869 1256 2937 frequens
1291 2872 1451 2936 querimonia
1475 2871 1551 2922 nobis
1577 2873 1685 2938 pertulit
1710 2875 1886 2939 manifestum,
1911 2877 1981 2941 quod

316 2957 433 3009 nonnulli
455 2957 516 3008 laici
542 2963 629 3007 nostre
654 2957 780 3020 diocesis,
801 2957 931 3008 nescimus
955 2971 1006 3024 quo
1037 2957 1109 3006 ducti
1135 2956 1282 3020 tyrannidis
1306 2957 1409 3022 spiritu,
1436 2956 1545 3007 clericos
1564 2959 1620 3007 siue
1640 2958 1831 3010 ecclesiasticas
1848 2976 1982 3026 personas,

315 3044 409 3094 nedum
427 3045 553 3106 minores,
580 3042 627 3093 sed
644 3049 671 3092 et
685 3044 714 3092 in
732 3041 859 3108 dignitate
877 3042 1057 3094 ecclesiastica
1074 3043 1229 3092 constitutos
1247 3043 1303 3092 siue
1321 3043 1476 3092 constitutas
1502 3045 1620 3109 capiunt,
1638 3049 1665 3094 et
1682 3045 1715 3094 ab
1732 3045 1795 3110 ipsis
1813 3047 1981 3111 pecuniarum

316 3145 428 3179 summes
446 3133 601 3194 extorquent
617 3143 664 3193 per
681 3127 836 3178 violenciam
853 3129 1038 3180 manifestam’*
1057 3153 1090 3164 —
1108 3126 1322 3191 „archidiaconus
1345 3127 1455 3178 ecclesie
1472 3134 1560 3179 nostm
1579 3129 1768 3194 sleswicensis,
1787 3131 1815 3180 in
1831 3131 1938 3181 Withaa
1955 3139 1982 3182 et

315 3214 473 3278 Eydersteth
495 3215 634 3279 prepositi,
661 3219 687 3263 et
710 3213 814 3278 quidam
842 3216 959 3264 canonici
983 3213 1093 3262 ecclesie
1117 3211 1297 3282 Sleswicencis
1326 3217 1354 3264 et
1374 3215 1451 3265 beate
1469 3214 1552 3264 Marie
1573 3216 1601 3264 in
1617 3215 1772 3279 Hsdcrsleff,
1797 3222 1823 3265 et
1845 3216 1918 3266 multi
1935 3217 1979 3268 alii

315 3300 463 3350 sacerdotes
486 3305 512 3349 et
535 3299 622 3348 clerici
637 3303 731 3348 'nostre
756 3299 868 3348 diocesis
891 3301 974 3365 eapti,
1001 3305 1027 3348 et
1049 3298 1153 3363 quidam
1177 3299 1296 3362 suspensi
1319 3304 1346 3348 et
1364 3301 1455 3364 occisi,
1474 3299 1543 3364 quod
1557 3299 1712 3350 horrendum
1726 3305 1766 3349 est
1780 3301 1882 3364 eruditu,
1910 3301 1981 3352 dino-

317 3387 447 3434 suuntur.''

1134 3723 1162 3776 d.

620 3873 822 3960 Priusleqs'um
847 3873 983 3938 Gerordi
1005 3873 1094 3939 dumis
1116 3875 1252 3961 capitulo
1275 3871 1532 3937 Haderslevansi
1550 3873 1665 3938 datum.
1700 3821 1705 3832 ·

1631 4031 1710 4094 1401,
1731 4032 1762 4080 12
1781 4029 1876 4079 nami.

405 4162 613 4228 Gberhardns
636 4163 700 4228 Dei
722 4165 833 4248 gracia
862 4165 929 4230 dux
957 4165 1201 4230 Slesnwieensis
1225 4163 1345 4228 Comes
1367 4161 1536 4227 Holtzacie
1556 4163 1731 4262 Stormarie
1755 4170 1840 4226 etin
1866 4163 1978 4227 schon-

315 4282 489 4347 wenborch
509 4281 668 4347 Omnibus
690 4303 825 4369 presens
849 4287 1000 4372 scriptum
1026 4281 1234 4349 cernentibus
1249 4281 1392 4348 Salutem
1414 4282 1447 4344 in
1465 4281 1606 4344 Domino
1630 4282 1868 4367 sempiternam.
1912 4279 1977 4344 No-

312 4410 379 4464 tum
401 4401 536 4465 facimus
561 4401 708 4466 omnibus
731 4404 936 4486 presentibus
959 4415 992 4469 et
1013 4403 1143 4488 futuris,
1168 4401 1255 4488 quod
1284 4401 1344 4464 sub
1367 4423 1451 4466 anno
1474 4401 1606 4464 Domini
1628 4399 1800 4463 Millesimo
1824 4399 1973 4486 quadrin-

314 4520 495 4604 gentesimo
517 4521 621 4606 primo
638 4521 701 4585 Die
724 4518 812 4584 beati
833 4523 976 4608 gregorij
999 4544 1084 4609 pape
1107 4522 1140 4584 in
1164 4531 1269 4586 castro
1292 4530 1403 4584 nostro
1431 4515 1623 4582 hadersleue
1647 4520 1837 4582 constitutus
1866 4540 1974 4582 coram

314 4637 407 4702 nobis
429 4636 628 4703 honorabilis
654 4639 704 4702 vir
732 4638 879 4704 dominus
909 4637 987 4706 Otto
1017 4639 1234 4724 tedinghusen
1257 4638 1380 4703 Cantor
1422 4647 1454 4701 et
1488 4646 1589 4701 totum
1623 4635 1796 4722 capitulum
1824 4634 1974 4700 Ecclesia
2021 4695 2023 4704 .

313 4755 575 4821 hadersleuensis
597 4757 651 4820 Ad
673 4757 862 4822 instanciam
884 4779 1017 4843 precum
1038 4767 1221 4822 nostrarum
1243 4754 1456 4841 resignabant
1486 4765 1519 4819 et
1546 4753 1749 4819 dimittebant
1770 4774 1882 4817 omnes
1905 4753 1974 4817 fun-

316 4875 373 4939 dos
397 4876 503 4940 etuias
527 4883 559 4937 et
580 4873 801 4939 habitaciones
825 4875 867 4940 ab
889 4875 1069 4963 aquilonari
1092 4888 1183 4963 parte
1207 4875 1354 4962 cimiterij
1385 4875 1480 4956 sitas,
1515 4871 1586 4958 Talj
1610 4873 1706 4936 modo
1731 4873 1818 4958 quod
1841 4870 1972 4958 opidani

314 4993 345 5056 in
374 4991 436 5058 illis
466 4992 649 5058 residerent
677 5003 710 5057 et
737 4995 824 5058 omni
851 5017 936 5059 anno
961 4995 1075 5060 darent
1103 4997 1280 5080 terragium
1303 4993 1441 5058 ecclesie
1465 4991 1508 5056 ad
1528 4990 1699 5073 fabricam,
1733 4991 1776 5055 Et
1797 4991 1830 5054 in
1851 5011 1974 5054 recom-

315 5133 449 5197 pensam
473 5112 630 5177 dictorum
651 5110 824 5177 fundorum
846 5115 1081 5198 assignauimus
1105 5111 1240 5178 Cantori
1263 5123 1296 5178 et
1318 5111 1457 5199 capitulo
1481 5131 1593 5175 omnes
1615 5108 1733 5173 fundos
1756 5119 1789 5174 et
1810 5118 1930 5173 terram
1953 5129 1974 5172 a

315 5230 404 5294 curia
429 5229 543 5317 hinricj
574 5229 683 5294 scheel
707 5253 810 5317 vsque
840 5230 881 5295 ad
909 5232 1065 5298 fossatum
1093 5232 1177 5298 inter
1204 5231 1378 5296 claustrum
1407 5241 1440 5295 et
1468 5229 1615 5317 opidum,
1651 5229 1718 5292 sine
1756 5228 1841 5291 omni
1873 5247 1972 5291 onere
