5032 6418
660 688 704 756 54

619 891 729 958 dendo
751 889 912 955 inhabitas
934 886 1060 975 prefate
1082 887 1287 974 prepositure
1311 895 1343 952 et
1365 887 1434 952 eius
1457 908 1587 953 annexe
1608 887 1755 974 predicte
1782 898 1941 975 perpetuo
1969 891 2137 954 sanentur
2158 891 2284 956 Annec

620 1019 765 1076 terantur
785 1009 1095 1093 etJncorporentur,
1119 1006 1265 1093 Jpsaque
1279 1007 1491 1093 Propositum
1512 1029 1583 1070 cum
1607 1008 1674 1072 suis
1696 1009 1833 1073 annexis
1854 1007 2033 1096 predieltis]
2058 1009 2099 1073 de
2119 1007 2285 1074 diocesani

620 1131 690 1195 siue
712 1129 793 1193 Loci
815 1127 968 1213 ordinarij
992 1146 1154 1191 consensu
1181 1135 1214 1190 et
1235 1125 1401 1190 voluntate
1424 1127 1627 1190 Auctoritate
1646 1121 1841 1213 ¹Apostoliea
1861 1127 1915 1191 Ad
1943 1127 2081 1192 eandem
2102 1125 2284 1192 Ecclesiam

619 1249 722 1314 Beate
745 1247 849 1312 Marie
870 1243 1129 1309 Hadersleuensi
1149 1244 1373 1328 transferetur,
1395 1253 1523 1330 etpost
1546 1243 1741 1328 (lanterium,
1774 1267 1837 1332 que
1859 1246 1892 1310 in
1921 1245 1994 1331 ipsa
2021 1245 2161 1310 ecclesis
2183 1247 2284 1312 Beate

620 1367 725 1432 Maria
747 1363 934 1452 principalis
958 1362 1098 1448 dignitas
1122 1363 1255 1447 existat,
1288 1363 1321 1427 in
1350 1361 1527 1427 secundam
1556 1362 1746 1447 dignitatem
1774 1363 1919 1429 eiusdem
1943 1363 2081 1428 ecclesie
2104 1365 2284 1450 erigeretur

619 1494 655 1551 et
676 1492 858 1550 crearetur:
891 1479 1043 1546 Profecto
1067 1481 1287 1547 commoditati
1313 1491 1367 1547 tue
1397 1490 1430 1546 et
1457 1501 1683 1546 successorum
1709 1490 1838 1547 tuorum
1868 1481 1952 1548 dicte
1974 1483 2186 1570 Propositure
2215 1505 2285 1569 pre

619 1605 798 1692 positorum
822 1599 904 1689 [pro]
927 1608 1074 1686 tempore
1093 1602 1299 1665 existentium
1316 1599 1488 1687 plurimum
1511 1599 1743 1665 consuleretur.
1788 1599 1899 1681 Quare
1921 1623 1981 1687 pro
2004 1611 2097 1688 parte
2118 1613 2176 1667 tua
2191 1600 2284 1668 uobis

619 1723 679 1788 fuit
700 1719 862 1786 bruniliter
884 1718 1113 1806 supplicatum,
1147 1717 1316 1800 Quatenus
1341 1717 1575 1784 Oanonieatum
1598 1726 1630 1782 et
1651 1701 1854 1804 prebendam
1882 1719 2047 1806 predictos
2068 1719 2205 1785 Necnon
2233 1741 2284 1784 cu·

619 1843 701 1906 riam
728 1841 797 1904 siue
820 1836 1054 1927 rleside]ntiam
1078 1836 1309 1902 Canoniealem
1331 1835 1527 1902 antedictam
1553 1837 1758 1924 prepositure
1780 1837 1906 1923 prefate
1929 1847 1962 1904 et
1989 1840 2059 1905 eius
2086 1859 2216 1903 annexa
2243 1859 2285 1903 ex

622 1968 783 2048 potestate
805 1956 996 2044 Apostoliea
1017 1963 1175 2042 perpetuo
1206 1955 1299 2018 vnire
1327 1963 1502 2019 annectere
1531 1964 1565 2020 et
1592 1955 1822 2042 incorporare,
1854 1956 2027 2045 Ipsamque
2049 1958 2284 2044 preposituram

621 2099 693 2144 cum
716 2077 863 2142 Annexis
885 2074 1040 2162 predictis
1064 2073 1105 2138 ad
1129 2072 1328 2160 sepedictam
1343 2070 1524 2137 Ecclesiam
1542 2073 1644 2138 Beate
1656 2073 1760 2138 Maria
1779 2074 2078 2142 Hadersleuensem
2099 2074 2284 2160 transferre,
2338 2081 2339 2086 ’

499 2245 502 2260 .
620 2198 793 2284 lpsamqne
816 2195 849 2259 in
871 2193 1049 2258 secundam
1071 2192 1261 2276 dignitatem
1283 2189 1364 2255 inibi
1385 2191 1513 2276 erigere
1537 2191 1754 2276 dignaremur.
1788 2193 1856 2258 Nos
1879 2195 1977 2279 igitur
1999 2195 2168 2282 cupientes
2191 2195 2285 2260 statui

621 2325 678 2382 tuo
701 2317 734 2380 in
755 2314 922 2401 premissis
946 2321 1104 2398 oportune
1128 2310 1303 2396 prouidere
1325 2308 1520 2373 Huiusmodi
1543 2309 1832 2396 supplicationibus
1860 2310 2004 2377 inclinati
2031 2311 2198 2399 predictos
2227 2313 2286 2378 Ca·

621 2434 806 2500 nonioatum
829 2442 862 2496 et
883 2429 1084 2518 prebendam
1106 2431 1246 2494 maiores
1268 2429 1319 2492 Ac
1342 2427 1473 2492 Curiam
1496 2425 1566 2490 siue
1588 2428 1796 2495 residentiam
1820 2429 2061 2516 Oanonicalem,
2084 2453 2182 2518 quam
2206 2430 2286 2496 Cum

624 2551 750 2618 eisdem
773 2549 912 2632 obtines,
936 2547 1018 2614 Cum
1042 2547 1191 2613 omnibus
1213 2545 1347 2612 Juribus
1370 2553 1403 2609 et
1423 2541 1660 2631 pertinentibus
1683 2547 1749 2612 suis
1771 2550 1980 2637 Prepesitnre
2003 2549 2151 2637 predicte
2176 2560 2209 2614 et
2230 2571 2285 2614 sne

625 2691 754 2735 annexe
777 2668 980 2734 Auctoritate
1002 2666 1205 2753 Apostolica‚
1241 2686 1305 2751 qua
1326 2663 1516 2748 Legationis
1538 2665 1656 2729 virtute
1685 2667 1857 2732 sufficienti
1877 2667 2030 2733 facultate
2053 2670 2165 2732 muniti
2186 2667 2286 2752 simgi-

623 2811 695 2854 mur
716 2791 750 2853 in
772 2787 833 2852 hac
854 2796 956 2874 parte,
978 2795 1093 2850 tenore
1116 2784 1316 2872 presentium
1336 2791 1495 2869 perpetuo
1518 2783 1645 2848 vnimus
1670 2781 1894 2872 [annectilmus
1916 2786 2219 2879 etlucorporamus,
2240 2786 2288 2850 lta

624 2907 713 2995 quod
734 2905 832 2972 liceat
854 2905 912 2972 tibi
934 2907 985 2970 Ac
1008 2900 1252 2970 suecessoribus
1275 2902 1338 2967 tuis
1360 2899 1515 2987 predictis
1538 2901 1780 2988 Preposituram
1809 2905 1860 2968 Ac
1890 2904 2124 2970 Canonicatum
2154 2913 2187 2969 et
2214 2905 2287 2969 Pre-

622 3025 765 3091 bendam
788 3039 822 3090 et
843 3025 965 3090 curiam
988 3019 1209 3088 canonicalem
1231 3019 1396 3106 predictos
1419 3028 1573 3106 tanquam
1595 3020 1690 3085 simul
1708 3019 1827 3108 [vuitus
1843 3021 2007 3110 rletinere,
2030 3024 2148 3110 Tuque
2165 3033 2198 3088 et
2214 3022 2287 3088 dicti

623 3145 671 3210 tui
700 3164 908 3209 successores
938 3143 1061 3206 fructus
1090 3138 1236 3205 redditus
1267 3147 1299 3203 et
1325 3147 1504 3225 prouentus
1532 3139 1711 3204 eorundem
1738 3141 1772 3203 in
1799 3148 1872 3204 tuos
1895 3151 1929 3206 et
1949 3164 2026 3206 suos
2048 3164 2126 3207 vsus
2154 3151 2189 3206 et
2208 3139 2287 3206 vtili-

623 3271 723 3328 tatcm
747 3271 950 3344 conuertere,
973 3261 1115 3326 cuiusuis
1138 3257 1269 3322 licentia
1289 3257 1419 3321 minime
1443 3258 1610 3344 requisita.
1655 3257 1752 3338 Quod
1773 3258 2005 3349 pre[positu]ra
2027 3261 2287 3326 etllanonicatus

627 3391 661 3447 et
681 3379 852 3468 prebenda
872 3378 1055 3445 huiusmodi
1076 3399 1176 3444 vnum
1199 3383 1393 3440 censeantur
1414 3373 1603 3440 benefitium
1626 3375 1897 3460 ecclesiasticum,
1920 3379 1973 3444 Ad
1997 3379 2084 3466 quod
2107 3378 2208 3443 Curia
2229 3378 2288 3443 Oa·
2328 3421 2332 3430 ·

592 3505 599 3522 '
628 3497 786 3564 noniculis
813 3496 961 3584 predicta
992 3506 1152 3584 perpetuo
1187 3503 1359 3559 censeatur
1391 3503 1542 3581 spectare
1577 3503 1610 3559 et
1641 3498 1815 3582 pertinere.
1868 3497 1942 3562 N..
1977 3497 2113 3562 eandem
2146 3497 2289 3584 proposi-

505 3647 508 3654 *
624 3629 730 3684 turam
763 3637 836 3681 cum
871 3617 1007 3681 annexis
1040 3615 1195 3703 predictis
1227 3611 1282 3678 Ad
1314 3611 1494 3699 predictam
1533 3613 1704 3678 ecclesiam
1742 3614 1839 3680 beate
1871 3617 1975 3681 Marie
2008 3615 2288 3697 Hadersleuensis‚

624 3733 812 3801 Reuerendi
833 3737 865 3798 in
889 3735 1018 3799 Christo
1040 3735 1141 3820 patris
1164 3741 1198 3797 et
1220 3731 1340 3816 dominj
1355 3730 1541 3797 Gotsehalei
1563 3731 1617 3797 dei
1639 3743 1672 3798 et
1694 3733 1839 3800 eiusdem
1850 3734 2040 3822 Apostoliee
2063 3735 2150 3800 sedis
2176 3733 2290 3821 [gratia

627 3852 784 3941 episcopi]
809 3852 1032 3918 Sleswicensis
1055 3861 1089 3916 et
1116 3849 1283 3916 diocesani
1310 3849 1362 3913 Ae
1389 3848 1515 3936 prefate
1542 3850 1752 3938 Propositure
1785 3853 1958 3920 Collatoris
1985 3851 2167 3936 voluntate,
2201 3853 2288 3917 cuim

625 3972 806 4059 personalis
829 3981 862 4036 et
885 3993 1061 4058 expressus
1083 3969 1138 4035 Ad
1159 3969 1194 4033 id
1215 3967 1311 4032 hodie
1334 3969 1473 4032 accessit
1495 3989 1689 4054 consensus,
1717 3993 1789 4036 cnm
1812 3971 1961 4036 omnibus
1982 3972 2116 4037 Juribus
2139 3981 2172 4037 et
2192 3971 2286 4058 perti·

625 4090 776 4157 uentibus
796 4093 861 4155 suis
879 4087 1086 4178 Aultoritate]
1106 4085 1296 4175 Apostoliea
1316 4085 1444 4172 prefata
1466 4087 1695 4172 transtulimus,
1715 4099 1813 4178 prout
1833 4090 2056 4156 transferimus
2077 4112 2137 4178 per
2158 4111 2286 4177 presan·

625 4220 686 4294 tes,
707 4209 864 4295 [demque
887 4231 960 4272 curn
984 4208 1108 4273 eisdem
1130 4208 1196 4272 suis
1219 4206 1372 4289 annexis,
1405 4205 1447 4269 de
1471 4205 1617 4270 eiusdem
1639 4207 1815 4274 Diocesani
1837 4208 1932 4274 simili
1953 4231 2116 4274 consensu
2137 4229 2288 4296 persona·

626 4327 701 4394 liter
724 4349 833 4392 coram
855 4327 950 4393 nobis
972 4327 1118 4413 prestito,
1140 4327 1173 4389 in
1196 4322 1374 4389 secundam
1396 4321 1587 4406 dignitatern
1609 4326 1642 4389 in
1665 4327 1780 4392 eadem
1804 4326 1943 4392 ecelesia
1963 4327 2067 4398 Beate
2088 4327 2193 4394 Maria
2214 4335 2287 4414 post

627 4447 815 4514 Centuriam
848 4445 994 4510 eiusdem
1027 4443 1167 4510 ecclesie
1196 4465 1268 4508 cum
1303 4439 1451 4507 omnibns
1484 4443 1661 4509 commodis
1694 4443 1918 4510 emolumentis
1946 4446 2080 4511 Juribus
2113 4443 2286 4511 honoribus

627 4567 740 4652 gratijs
763 4563 943 4652 priuilegiis
963 4563 1167 4628 libertatibus
1189 4561 1433 4650 praeminentijs
1455 4563 1688 4647 prerogatiuis,
1722 4563 1839 4650 quibus
1867 4565 1969 4629 ceteri
1994 4563 2110 4651 prelati
2132 4564 2166 4652 in
2188 4563 2287 4650 digni·

625 4695 692 4751 tate
726 4685 890 4750 constituti
922 4703 1197 4769 quarumcumque
1225 4679 1447 4746 Ecclesiarum
1478 4679 1626 4746 Ciuitatis
1660 4690 1693 4746 et
1722 4681 1860 4746 diocesis
1889 4681 2111 4748 Sleswicensis
2139 4682 2180 4747 de
2207 4682 2285 4747 Jure

625 4803 681 4870 vel
702 4802 936 4868 consuetudine
959 4801 1104 4887 gaudent
1127 4821 1185 4865 seu
1214 4799 1359 4885 gaudere
1388 4808 1643 4882 consueuerant,
1676 4800 1727 4864 Ao
1757 4799 1903 4865 omnibus
1931 4811 1965 4866 et
1993 4801 2127 4888 singulis
2156 4822 2219 4888 que
2246 4799 2287 4864 sd

628 4923 817 5008 dignitatem
841 4931 875 4987 et
894 4919 1091 5008 prelaturam
1114 4916 1366 4984 eeclesiasticam
1388 4926 1538 5003 spectant
1559 4929 1593 4984 et
1613 4919 1777 5005 pertinent
1804 4928 1858 4984 aut
1886 4929 2036 5006 spectare
2066 4929 2098 4986 et
2124 4921 2286 5007 pertinere

628 5041 755 5128 possint
784 5049 816 5106 et
837 5039 983 5124 valeant,
1014 5037 1142 5103 Eadem
1163 5039 1346 5102 Antoritate
1367 5033 1559 5120 Apostoliea
1587 5045 1701 5102 tenore
1728 5039 1926 5124 presentium
1956 5039 2110 5124 erigimus
2140 5048 2174 5103 et
2201 5059 2286 5104 crea

627 5180 717 5242 mus,
749 5159 798 5224 Ita
827 5158 916 5246 quod
943 5167 979 5224 tn
1001 5167 1035 5222 et
1055 5157 1102 5222 tui
1122 5157 1157 5221 in
1179 5155 1266 5222 diota
1286 5153 1500 5242 prepositura
1528 5176 1735 5221 successores
1763 5178 1824 5243 pro
1852 5166 1998 5243 tempore
2027 5158 2206 5222 existentes
2228 5177 2287 5244 pro

628 5277 772 5344 secundo
794 5277 921 5364 prelato
943 5277 977 5341 in
999 5251 1114 5342 eadem
1138 5273 1278 5340 ecclesia
1299 5273 1402 5338 Beate
1424 5271 1529 5337 Mario
1558 5271 1681 5341 debeas
1711 5286 1744 5342 et
1772 5278 1834 5363 ipsi
1863 5274 2005 5342 debeant
2025 5276 2170 5364 reputari
2190 5285 2286 5364 atque
