4932 6404
1433 595 1476 660 20

625 799 780 866 officiales
805 820 881 864 suos
905 797 1083 863 secundum
1105 797 1198 882 leges
1219 808 1307 862 terre
1331 795 1441 862 debite
1469 797 1619 882 punietur
1643 805 1676 862 et
1697 795 1740 860 ad
1762 795 1823 861 hoc
1845 793 2092 880 cooperabimur
2113 803 2190 858 toto
2216 792 2308 856 nisu.

623 918 711 986 Jtem
736 916 842 982 nullus
866 917 1095 1002 cuiuscumque
1118 926 1220 982 status
1247 926 1302 981 aut
1331 913 1528 979 condicionis
1558 915 1676 978 existat
1703 913 1799 978 alium
1825 913 2011 980 inferiorem
2040 933 2075 976 se
2102 910 2158 976 vel
2191 911 2309 975 minus
2326 935 2355 978 u.
2454 937 2456 954 ³

627 1044 793 1124 potentem
817 1035 996 1121 supprimat
1017 1033 1071 1097 vel
1094 1033 1267 1119 compellat
1289 1033 1331 1098 ad
1353 1033 1431 1116 hoc,
1461 1033 1549 1120 quod
1570 1034 1619 1098 ius
1642 1055 1733 1098 suum
1756 1035 1788 1098 iu
1809 1033 1935 1119 placitis
1956 1029 2010 1096 vel
2032 1029 2156 1094 iudiciis
2183 1051 2310 1116 prose-

627 1156 683 1242 qui
706 1175 772 1218 non
796 1152 914 1218 valeat.
944 1152 1081 1238 quod'si
1102 1152 1218 1216 1000111
1239 1151 1354 1217 ethoc
1377 1159 1490 1216 contra
1512 1173 1586 1216 eum
1607 1151 1847 1217 racionabiliter
1869 1150 2018 1215 edoctum
2040 1148 2093 1213 vel
2115 1148 2308 1235 probatum

622 1272 738 1356 fuerit,
772 1270 851 1335 illud
874 1293 934 1357 pro
958 1293 1021 1357 quo
1044 1272 1150 1356 agitur
1171 1271 1274 1356 primo
1296 1270 1412 1358 perdat
1434 1281 1468 1334 et
1489 1281 1604 1356 postea
1626 1271 1755 1336 domino
1778 1270 1859 1356 regi,
1880 1278 2043 1355 tamquam
2066 1267 2099 1331 iu
2120 1266 2180 1330 lite
2208 1264 2308 1350 lega·

625 1390 699 1456 liter
722 1388 955 1472 succubuisset,
983 1387 1160 1453 secuudum
1183 1387 1275 1474 leges
1296 1399 1384 1454 terre
1412 1389 1540 1475 penitus
1569 1389 1763 1454 emendabit.
1817 1388 1903 1454 Jtem
1933 1388 2124 1474 quicumque
2147 1383 2306 1472 aliquem
2325 1408 2355 1449 ra

629 1507 741 1574 verbis
767 1508 859 1572 malis
882 1517 915 1573 01
938 1505 1193 1591 contumeliosis,
1227 1529 1290 1594 que
1318 1506 1483 1592 manyngh
1511 1506 1676 1591 dicuntur,
1709 1527 1817 1572 coram
1844 1507 1990 1593 predicto
2019 1503 2148 1568 domino
2177 1511 2306 1568 nostro

631 1648 713 1712 rege
735 1626 789 1690 vel
810 1628 843 1690 in
867 1627 956 1690 curia
978 1649 1036 1690 sua
1062 1648 1119 1690 seu
1142 1646 1251 1690 coram
1274 1624 1420 1711 dapifero
1443 1633 1498 1689 aut
1518 1625 1695 1690 marscalco
1712 1626 1752 1712 jn
1772 1625 1899 1689 iudiciis
1927 1621 2140 1688 existentibus
2162 1623 2200 1686 in
2226 1644 2306 1709 per-

630 1746 779 1811 lamentis
809 1743 993 1844 etnplacitis
1020 1745 1204 1831 iusticiarijs
1235 1753 1267 1808 et
1293 1741 1500 1830 generalibus
1528 1752 1685 1809 terrarum
1712 1744 1816 1810 Dacie
1843 1742 2004 1830 alloqutus
2036 1741 2132 1805 100111
2160 1739 2221 1804 vel
2256 1741 2306 1803 in-

625 1865 814 1946 festauerit,
848 1884 945 1949 super
973 1860 1089 1948 quibus
1117 1871 1150 1926 01
1170 1884 1230 1949 pro
1253 1861 1370 1950 quibus
1398 1860 1547 1948 loquitur,
1574 1863 1678 1948 primo
1702 1861 1819 1950 perdat
1846 1871 1878 1926 et
1910 1882 1982 1926 cum
2014 1859 2075 1924 hoc
2109 1858 2304 1923 secundum

627 1983 719 2068 leges
744 1992 830 2046 terre
855 1980 1050 2046 emendabit.
1098 1982 1186 2046 Jtem
1209 1983 1237 2045 si
1258 1980 1406 2046 dominus
1427 1989 1539 2046 noster
1561 2001 1622 2045 rex
1642 1981 1799 2069 prefatus,
1829 1979 1979 2044 aduocati
2001 1987 2033 2042 et
2056 1977 2220 2042 officiales
2246 1977 2301 2041 sui
2320 2004 2350 2045 ra

628 2123 726 2187 super
747 2099 855 2187 aliquo
877 2097 1034 2163 forefacto
1057 2100 1139 2165 iuste
1163 2099 1341 2164 secundum
1363 2099 1455 2184 leges
1476 2109 1562 2164 terre
1585 2099 1820 2166 uindicauerint
1842 2096 1901 2162 sibi
1922 2097 1977 2162 vel
1999 2097 2080 2178 suis,
2114 2117 2134 2160 a
2157 2097 2301 2158 nemine

626 2241 687 2308 per
707 2218 838 2282 modum
859 2217 1028 2282 inimicicie
1050 2218 1104 2282 vel
1127 2217 1192 2304 odij
1216 2217 1396 2305 aliqualiter
1418 2218 1601 2304 imputetur.
1676 2218 1763 2283 Jtem
1792 2217 1891 2304 siquis
1919 2215 2066 2280 iniuriam
2089 2235 2132 2279 ex
2154 2214 2298 2279 domino
2316 2241 2348 2280 aa

626 2347 737 2403 nostro
759 2357 856 2421 rege,
890 2337 957 2400 suis
979 2335 1146 2402 aduocatis
1168 2336 1222 2400 vel
1245 2336 1434 2401 officialibus
1456 2359 1571 2424 passus
1593 2337 1704 2420 fuerit,
1737 2335 1947 2424 quod¹absit,
1982 2343 2014 2398 et
2042 2334 2069 2398 si
2096 2356 2195 2422 super
2229 2334 2299 2398 hoc

627 2459 712 2523 iuste
734 2463 931 2542 conquestus
955 2462 987 2518 et
1009 2465 1203 2543 prosequtus
1225 2455 1337 2538 fuerit,
1370 2477 1391 2519 a
1419 2455 1548 2520 domino
1575 2465 1686 2520 nostro
1714 2475 1794 2538 rege
1816 2453 1870 2517 vel
1892 2455 1958 2518 suis
1980 2461 2114 2540 propter
2135 2452 2197 2517 hoc
2223 2450 2300 2516 nnl-

515 2615 516 2618 =
629 2576 692 2641 lam
715 2573 891 2640 vindictam
913 2575 1069 2660 paciatur.
1122 2572 1211 2638 Jtem
1232 2595 1292 2637 nos
1315 2572 1510 2660 infrascripti
1532 2581 1564 2638 et
1586 2573 1720 2660 quilibet
1740 2581 1885 2638 nostrum
1907 2593 1975 2663 pro¹
1989 2593 2024 2637 se
2045 2581 2178 2660 totaque
2202 2593 2298 2636 com·
2316 2599 2348 2640 su

629 2694 768 2758 munitas
790 2694 884 2778 regni
904 2691 1008 2757 Dacia
1032 2691 1259 2778 promittimus,
1281 2693 1436 2777 vtprius,
1457 2690 1646 2774 bonafide,
1678 2690 1766 2780 quod
1794 2689 1940 2754 dominus
1962 2699 2073 2755 noster
2094 2713 2170 2771 rex,
2202 2688 2298 2753 filius

631 2835 707 2878 suus
731 2810 929 2877 Oristoforus
952 2831 1138 2896 coronaque
1159 2809 1262 2874 Dacia
1287 2810 1434 2875 omnibus
1455 2810 1577 2876 iuribus
1601 2811 1666 2876 suis
1687 2809 1831 2897 perfecte
1853 2811 1900 2874 vti
1922 2807 2078 2892 debeant,
2107 2818 2140 2871 et
2160 2807 2203 2871 ad
2228 2807 2299 2871 hoc

630 2930 843 2995 communiter
872 2938 904 2992 et
931 2928 1137 3012 singulariter
1164 2929 1359 2994 coadiuuare
1388 2940 1421 2994 01
1441 2929 1581 2995 fideliter
1602 2930 1773 3016 cooperari
1794 2927 1968 3011 debemus,
1990 2925 2168 2991 secuudum
2200 2925 2298 3012 quod

630 3048 721 3134 leges
744 3058 830 3112 terre
852 3048 1036 3133 requirunt,
1058 3057 1127 3113 toto
1149 3051 1317 3112 conamine
1340 3058 1437 3136 atquc
1459 3071 1567 3136 posse.
1610 3049 1753 3135 Jusuper
1775 3045 1928 3128 ecclesie,
1955 3047 2164 3129 monasteria,
2193 3045 2298 3129 virgi·

629 3189 699 3249 nes,
721 3165 830 3250 vidue,
852 3165 987 3252 puppilli
1010 3175 1042 3230 et
1066 3165 1201 3252 orphani
1223 3188 1261 3231 ac
1283 3167 1336 3254 alij
1359 3176 1483 3233 tutores
1505 3167 1681 3252 legittimos
1703 3165 1956 3247 conuehentes,
1978 3162 2098 3249 villani,
2121 3166 2296 3230 ciuitaten·

629 3307 691 3367 ses,
714 3284 895 3367 bondoncs,
916 3293 1124 3368 mercatores,
1147 3285 1299 3371 hospites,
1321 3288 1440 3371 rustici,
1462 3287 1609 3351 homines
1630 3285 1726 3349 trium
1742 3282 1953 3366 marcharum,
1975 3292 2044 3347 tota
2059 3282 2179 3346 familia
2195 3283 2296 3368 regia

629 3415 662 3470 et
684 3425 806 3486 omnes,
827 3425 887 3488 pro
910 3403 1026 3489 quibus
1050 3404 1197 3468 dominus
1218 3426 1281 3468 rex
1301 3407 1502 3492 respondere
1525 3403 1624 3468 habet
1645 3411 1678 3467 et
1700 3411 1837 3484 tenetur,
1865 3401 1951 3465 omni
1971 3403 2041 3466 iure
2066 3421 2134 3484 sno,
2156 3399 2292 3486 legibus

628 3532 715 3588 terre
738 3531 770 3586 et
793 3520 995 3586 libertatibus
1017 3521 1064 3588 'vti
1086 3520 1219 3587 liberius
1242 3532 1275 3588 et
1296 3523 1409 3588 melius
1431 3524 1655 3610 permittantur
1677 3529 1710 3585 et
1732 3520 1774 3584 ad
1796 3519 1858 3585 hoc
1877 3541 1988 3584 omnes
2011 3529 2044 3585 et
2061 3519 2177 3605 singuli
2192 3519 2295 3584 infra·

629 3643 740 3728 scripti
768 3650 800 3705 01
828 3639 963 3727 quilibet
992 3662 1051 3727 pro
1080 3661 1116 3704 se
1147 3643 1316 3727 cooperari
1344 3640 1501 3706 debemus
1530 3640 1680 3725 consilio,
1713 3639 1832 3705 auxilio
1856 3647 1888 3703 01
1909 3647 1976 3703 toto
1998 3660 2107 3725 posse.
2161 3638 2205 3702 Et
2227 3659 2339 3702 nossa

630 3759 861 3826 Walderuarus
888 3781 950 3824 rex
977 3760 1123 3846 prefatus
1152 3768 1184 3824 et
1210 3758 1294 3824 lilius
1321 3769 1433 3824 noster
1460 3758 1657 3824 Oristoforus
1688 3757 1834 3822 omnibus
1862 3756 2044 3821 hominibus
2073 3757 2191 3822 nostris
2215 3755 2291 3820 sub·

631 3879 758 3964 scriptis
781 3888 814 3942 01
836 3876 967 3943 cuilibet
989 3877 1243 3964 subscriptorum
1265 3878 1382 3942 ceteris
1401 3899 1464 3964 que
1485 3879 1581 3963 regni
1597 3879 1699 3942 nostri
1715 3876 1828 3942 incolis
1850 3876 1910 3940 hec
1933 3885 2051 3940 statuta
2074 3887 2106 3942 01
2127 3875 2296 3940 handiest-

630 3995 743 4083 nyngh
773 4005 807 4061 01
834 3997 941 4061 omnia
969 3996 1033 4061 alia
1059 3997 1092 4060 in
1118 3997 1233 4073 melius
1261 4007 1391 4064 vertere
1418 3995 1568 4062 volumus
1591 4009 1623 4062 01
1645 3996 1812 4061 debemus.
1865 4004 1898 4059 et
1918 4017 1978 4059 nos
2001 3995 2110 4078 duces,
2133 3995 2291 4082 episcopi,

631 4113 758 4198 milites,
780 4113 934 4180 militares
957 4114 1129 4201 subscripti
1150 4125 1294 4204 totaque
1317 4116 1527 4182 communitas
1548 4117 1642 4201 regui
1659 4115 1763 4179 Dacis
1789 4112 1918 4178 domino
1940 4123 2051 4179 nostro
2074 4111 2293 4198 regiWalde-

632 4255 738 4316 maro,
760 4232 825 4298 11110
849 4254 908 4298 suo
933 4231 1113 4299 Cristoforo
1139 4242 1171 4298 et
1195 4256 1314 4300 corone
1337 4236 1441 4300 Daeie
1464 4236 1571 4300 omnia
1592 4243 1711 4300 statuta
1734 4243 1767 4297 et
1787 4231 2050 4318 handfestnyngh
2072 4233 2294 4319 suprascripta

633 4360 666 4415 et
688 4353 795 4416 omnia
816 4350 879 4417 alia
901 4352 935 4415 in
956 4351 1071 4416 melius
1092 4361 1221 4418 vertere
1243 4354 1392 4420 volumus
1420 4363 1453 4418 et
1482 4353 1648 4418 debemus.
1703 4352 1748 4418 Vt
1769 4362 1876 4416 autem
1897 4349 1958 4414 heo
1982 4353 2088 4415 omnia
2110 4361 2142 4415 et
2164 4349 2293 4434 singula

632 4470 793 4556 premissa
813 4471 963 4557 perpetui
984 4470 1111 4535 roboris
1134 4472 1300 4558 optineant
1320 4473 1503 4538 firmitatem
1527 4481 1559 4537 01
1579 4470 1758 4558 pleniorem
1780 4471 1959 4533 sorciantur
1981 4469 2141 4550 effectum,
2163 4490 2292 4533 necnon

634 4597 667 4652 et
689 4609 748 4673 per
769 4608 829 4651 nos
853 4609 964 4652 omnes
994 4599 1027 4653 et
1055 4589 1200 4674 singulos
1227 4590 1448 4677 infrascriptos
1472 4599 1504 4654 01
1524 4612 1584 4678 per
1606 4588 1781 4676 quemlibet
1802 4596 1945 4652 nostrum
1969 4589 2089 4652 firmius
2110 4597 2290 4668 teneantur,

631 4705 700 4770 Nos
723 4704 951 4772 Waldemarus
981 4706 1034 4770 dei
1061 4711 1172 4793 gracia
1198 4731 1274 4790 rex,
1308 4708 1509 4774 Cristoforus'
1533 4709 1600 4772 dux
1622 4706 1792 4788 Lalandie,
1821 4706 2049 4772 Waldemarus
2078 4717 2111 4770 et
2138 4706 2290 4770 Hinricus

634 4823 734 4889 duces
756 4823 853 4908 lucie,
876 4824 1002 4910 prefati,
1022 4823 1197 4892 Nicholaus
1221 4827 1451 4911 Otthonicnsis,
1473 4829 1589 4892 Petrus
1611 4825 1860 4911 Wybergeusis,
1887 4825 2003 4890 Petrus
2024 4825 2184 4912 Ripensis,
2211 4823 2292 4909 Hjn-

634 4943 721 5007 ricus
743 4940 984 5028 Rosuildensis,
1005 4944 1125 5009 Paulus
1147 4946 1333 5010 Arusiensis
1356 4955 1389 5010 et
1410 4946 1549 5032 Magnus
1570 4945 1803 5030 Burglanensis
1826 4945 1934 5009 diuina
1954 4944 2166 5008 miseracione
2189 4941 2292 5006 eccle·

636 5062 754 5124 siarum
776 5063 931 5148 episcopi,
961 5062 1139 5148 Styghotus
1160 5064 1361 5148 Andersson,
1390 5061 1564 5130 Nioholaus
1587 5063 1743 5145 Lembek,
1772 5063 1976 5148 Hennyngus
1998 5062 2144 5145 Podbuz,
2171 5061 2289 5126 Ericus

635 5177 776 5242 Barnum
795 5201 866 5263 son,
894 5181 1091 5246 Benedictus
1112 5182 1254 5247 Ancuelt
1276 5185 1398 5268 senior,
1425 5184 1564 5249 Boecius
1587 5182 1683 5267 Falls,
1705 5183 1820 5247 Erious
1843 5181 2035 5266 Niclaesson,
2063 5181 2179 5246 Petrus
2201 5181 2285 5244 Lau·
