<?xml version="1.0" encoding="UTF-8"?>
<!DOCTYPE html PUBLIC "-//W3C//DTD XHTML 1.0 Transitional//EN"
    "http://www.w3.org/TR/xhtml1/DTD/xhtml1-transitional.dtd">
<html xmlns="http://www.w3.org/1999/xhtml" xml:lang="en" lang="en">
 <head>
  <title>
</title>
<meta http-equiv="Content-Type" content="text/html;charset=utf-8" />
  <meta name='ocr-system' content='tesseract 3.04.00' />
  <meta name='ocr-capabilities' content='ocr_page ocr_carea ocr_par ocr_line ocrx_word'/>
</head>
<body>
  <div class='ocr_page' id='page_1' title='image "./aarsberetninger05wegegoog_0471.png"; bbox 0 0 5032 6418; ppageno 0'>
   <div class='ocr_carea' id='block_1_1' title="bbox 666 711 707 778">
    <p class='ocr_par' dir='ltr' id='par_1_1' title="bbox 666 711 707 778">
     <span class='ocr_line' id='line_1_1' title="bbox 666 711 707 778; baseline 0.024 -1"><span class='ocrx_word' id='word_1_1' title='bbox 666 711 707 778; x_wconf 79' lang='lat' dir='ltr'><strong>to</strong></span> 
     </span>
    </p>
   </div>
   <div class='ocr_carea' id='block_1_2' title="bbox 621 910 2281 1474">
    <p class='ocr_par' dir='ltr' id='par_1_2' title="bbox 621 910 2281 1237">
     <span class='ocr_line' id='line_1_2' title="bbox 771 910 2280 980; baseline 0.001 -2"><span class='ocrx_word' id='word_1_2' title='bbox 771 912 963 978; x_wconf 89' lang='lat' dir='ltr'><strong>Antedietus</strong></span> <span class='ocrx_word' id='word_1_3' title='bbox 985 911 1133 977; x_wconf 90' lang='lat' dir='ltr'><strong>dominus</strong></span> <span class='ocrx_word' id='word_1_4' title='bbox 1162 910 1310 976; x_wconf 87' lang='lat' dir='ltr'><strong>detleuus</strong></span> <span class='ocrx_word' id='word_1_5' title='bbox 1332 911 1465 976; x_wconf 82' lang='lat' dir='ltr'><strong>instituit</strong></span> <span class='ocrx_word' id='word_1_6' title='bbox 1488 919 1520 975; x_wconf 90' lang='lat' dir='ltr'><strong>et</strong></span> <span class='ocrx_word' id='word_1_7' title='bbox 1541 911 1689 978; x_wconf 87' lang='lat' dir='ltr'><strong>fundauit</strong></span> <span class='ocrx_word' id='word_1_8' title='bbox 1712 935 1808 978; x_wconf 87' lang='lat' dir='ltr'><strong>vnam</strong></span> <span class='ocrx_word' id='word_1_9' title='bbox 1831 913 1997 978; x_wconf 79' lang='lat' dir='ltr'><strong>solennem</strong></span> <span class='ocrx_word' id='word_1_10' title='bbox 2021 915 2280 980; x_wconf 74' lang='lat' dir='ltr'><strong>consolacionsm</strong></span> 
     </span>
     <span class='ocr_line' id='line_1_3' title="bbox 623 1027 2281 1116; baseline 0 -17"><span class='ocrx_word' id='word_1_11' title='bbox 623 1032 681 1099; x_wconf 88' lang='lat' dir='ltr'><strong>Sti.</strong></span> <span class='ocrx_word' id='word_1_12' title='bbox 698 1029 866 1096; x_wconf 77' lang='lat' dir='ltr'><strong>Michaelis</strong></span> <span class='ocrx_word' id='word_1_13' title='bbox 893 1038 927 1096; x_wconf 85' lang='lat' dir='ltr'><strong>et</strong></span> <span class='ocrx_word' id='word_1_14' title='bbox 960 1031 1028 1095; x_wconf 91' lang='lat' dir='ltr'><strong>eius</strong></span> <span class='ocrx_word' id='word_1_15' title='bbox 1057 1029 1264 1116; x_wconf 76' lang='lat' dir='ltr'><strong>angelorum,</strong></span> <span class='ocrx_word' id='word_1_16' title='bbox 1297 1027 1340 1094; x_wconf 88' lang='lat' dir='ltr'><strong>ad</strong></span> <span class='ocrx_word' id='word_1_17' title='bbox 1371 1029 1458 1094; x_wconf 88' lang='lat' dir='ltr'><strong>iilam</strong></span> <span class='ocrx_word' id='word_1_18' title='bbox 1486 1029 1758 1096; x_wconf 84' lang='lat' dir='ltr'><strong>manutenendam</strong></span> <span class='ocrx_word' id='word_1_19' title='bbox 1788 1030 1920 1098; x_wconf 86' lang='lat' dir='ltr'><strong>donauit</strong></span> <span class='ocrx_word' id='word_1_20' title='bbox 1945 1054 1990 1096; x_wconf 83' lang='lat' dir='ltr'><strong>xv</strong></span> <span class='ocrx_word' id='word_1_21' title='bbox 2017 1055 2077 1100; x_wconf 93' lang='lat' dir='ltr'><strong>mr.</strong></span> <span class='ocrx_word' id='word_1_22' title='bbox 2113 1045 2145 1099; x_wconf 89' lang='lat' dir='ltr'><strong>et</strong></span> <span class='ocrx_word' id='word_1_23' title='bbox 2177 1033 2281 1099; x_wconf 88' lang='lat' dir='ltr'><strong>reddi·</strong></span> 
     </span>
     <span class='ocr_line' id='line_1_4' title="bbox 621 1151 825 1237; baseline -0.025 -18"><span class='ocrx_word' id='word_1_24' title='bbox 621 1151 743 1237; x_wconf 86' lang='lat' dir='ltr'><strong>tuantj</strong></span> <span class='ocrx_word' id='word_1_25' title='bbox 765 1171 825 1214; x_wconf 90' lang='lat' dir='ltr'><strong>mr.</strong></span> 
     </span>
    </p>

    <p class='ocr_par' dir='ltr' id='par_1_3' title="bbox 621 1265 2281 1474">
     <span class='ocr_line' id='line_1_5' title="bbox 772 1265 2281 1356; baseline 0.003 -23"><span class='ocrx_word' id='word_1_26' title='bbox 772 1267 870 1334; x_wconf 86' lang='lat' dir='ltr'><strong>Jdem</strong></span> <span class='ocrx_word' id='word_1_27' title='bbox 885 1266 1045 1348; x_wconf 87' lang='lat' dir='ltr'><strong>Detleuus</strong></span> <span class='ocrx_word' id='word_1_28' title='bbox 1068 1266 1190 1352; x_wconf 81' lang='lat' dir='ltr'><strong>legauit</strong></span> <span class='ocrx_word' id='word_1_29' title='bbox 1209 1267 1242 1330; x_wconf 93' lang='lat' dir='ltr'><strong>in</strong></span> <span class='ocrx_word' id='word_1_30' title='bbox 1264 1273 1457 1330; x_wconf 86' lang='lat' dir='ltr'><strong>testamento</strong></span> <span class='ocrx_word' id='word_1_31' title='bbox 1481 1287 1540 1330; x_wconf 90' lang='lat' dir='ltr'><strong>suo</strong></span> <span class='ocrx_word' id='word_1_32' title='bbox 1562 1289 1586 1332; x_wconf 86' lang='lat' dir='ltr'>x</span> <span class='ocrx_word' id='word_1_33' title='bbox 1606 1289 1666 1331; x_wconf 90' lang='lat' dir='ltr'><strong>mr.</strong></span> <span class='ocrx_word' id='word_1_34' title='bbox 1688 1265 1754 1332; x_wconf 86' lang='lat' dir='ltr'><strong>lob.</strong></span> <span class='ocrx_word' id='word_1_35' title='bbox 1778 1287 1837 1353; x_wconf 87' lang='lat' dir='ltr'><strong>pro</strong></span> <span class='ocrx_word' id='word_1_36' title='bbox 1859 1267 2007 1354; x_wconf 82' lang='lat' dir='ltr'><strong>panibsis,</strong></span> <span class='ocrx_word' id='word_1_37' title='bbox 2029 1292 2110 1356; x_wconf 88' lang='lat' dir='ltr'><strong>quas</strong></span> <span class='ocrx_word' id='word_1_38' title='bbox 2131 1272 2281 1356; x_wconf 76' lang='lat' dir='ltr'><strong>imposuit</strong></span> 
     </span>
     <span class='ocr_line' id='line_1_6' title="bbox 621 1382 2189 1474; baseline -0.002 -19"><span class='ocrx_word' id='word_1_39' title='bbox 621 1391 655 1455; x_wconf 92' lang='lat' dir='ltr'><strong>in</strong></span> <span class='ocrx_word' id='word_1_40' title='bbox 676 1383 1069 1472; x_wconf 82' lang='lat' dir='ltr'><strong>bonisJaoobiTeymad,</strong></span> <span class='ocrx_word' id='word_1_41' title='bbox 1090 1393 1207 1472; x_wconf 83' lang='lat' dir='ltr'><strong>postea</strong></span> <span class='ocrx_word' id='word_1_42' title='bbox 1227 1384 1364 1449; x_wconf 88' lang='lat' dir='ltr'><strong>Hartieh</strong></span> <span class='ocrx_word' id='word_1_43' title='bbox 1384 1382 1555 1466; x_wconf 87' lang='lat' dir='ltr'><strong>Reuetioff,</strong></span> <span class='ocrx_word' id='word_1_44' title='bbox 1578 1393 1612 1448; x_wconf 89' lang='lat' dir='ltr'><strong>et</strong></span> <span class='ocrx_word' id='word_1_45' title='bbox 1632 1383 1817 1450; x_wconf 85' lang='lat' dir='ltr'><strong>reddituant</strong></span> <span class='ocrx_word' id='word_1_46' title='bbox 1839 1387 2003 1452; x_wconf 78' lang='lat' dir='ltr'><strong>mnuatim</strong></span> <span class='ocrx_word' id='word_1_47' title='bbox 2025 1385 2095 1466; x_wconf 70' lang='lat' dir='ltr'><strong>xiii</strong></span> <span class='ocrx_word' id='word_1_48' title='bbox 2117 1389 2139 1474; x_wconf 89' lang='lat' dir='ltr'><strong>ij</strong></span> <span class='ocrx_word' id='word_1_49' title='bbox 2153 1392 2189 1472; x_wconf 48' lang='grc' dir='ltr'><strong>ἦ.</strong></span> 
     </span>
    </p>
   </div>
   <div class='ocr_carea' id='block_1_3' title="bbox 752 1502 2403 1591">
    <p class='ocr_par' dir='ltr' id='par_1_4' title="bbox 752 1502 2403 1591">
     <span class='ocr_line' id='line_1_7' title="bbox 752 1502 2403 1591; baseline 0 -21"><span class='ocrx_word' id='word_1_50' title='bbox 752 1503 951 1582; x_wconf 64' lang='grc' dir='ltr'><strong>,Ρι-οοοηειιΙ</strong></span> <span class='ocrx_word' id='word_1_51' title='bbox 972 1502 1071 1569; x_wconf 89' lang='lat' dir='ltr'><strong>habet</strong></span> <span class='ocrx_word' id='word_1_52' title='bbox 1092 1525 1110 1568; x_wconf 88' lang='lat' dir='ltr'><strong>e</strong></span> <span class='ocrx_word' id='word_1_53' title='bbox 1124 1525 1183 1568; x_wconf 89' lang='lat' dir='ltr'><strong>mr.</strong></span> <span class='ocrx_word' id='word_1_54' title='bbox 1201 1504 1382 1588; x_wconf 79' lang='lat' dir='ltr'><strong>assignatas</strong></span> <span class='ocrx_word' id='word_1_55' title='bbox 1398 1503 1442 1566; x_wconf 89' lang='lat' dir='ltr'><strong>ad</strong></span> <span class='ocrx_word' id='word_1_56' title='bbox 1458 1503 1589 1566; x_wconf 88' lang='lat' dir='ltr'><strong>missam</strong></span> <span class='ocrx_word' id='word_1_57' title='bbox 1602 1502 1757 1590; x_wconf 85' lang='lat' dir='ltr'><strong>Corporis</strong></span> <span class='ocrx_word' id='word_1_58' title='bbox 1769 1503 1889 1569; x_wconf 79' lang='lat' dir='ltr'><strong>Christi</strong></span> <span class='ocrx_word' id='word_1_59' title='bbox 1909 1503 1969 1591; x_wconf 82' lang='lat' dir='ltr'><strong>per</strong></span> <span class='ocrx_word' id='word_1_60' title='bbox 1983 1505 2079 1571; x_wconf 84' lang='lat' dir='ltr'><strong>Jwen</strong></span> <span class='ocrx_word' id='word_1_61' title='bbox 2095 1507 2279 1591; x_wconf 80' lang='lat' dir='ltr'><strong>Rantuowe,</strong></span> <span class='ocrx_word' id='word_1_62' title='bbox 2397 1546 2403 1556; x_wconf 86' lang='lat'><strong>·</strong></span> 
     </span>
    </p>
   </div>
   <div class='ocr_carea' id='block_1_4' title="bbox 622 1619 2281 2777">
    <p class='ocr_par' dir='ltr' id='par_1_5' title="bbox 622 1619 2279 1834">
     <span class='ocr_line' id='line_1_8' title="bbox 622 1619 2279 1713; baseline -0.001 -22"><span class='ocrx_word' id='word_1_63' title='bbox 622 1625 808 1692; x_wconf 86' lang='lat' dir='ltr'><strong>reddituant</strong></span> <span class='ocrx_word' id='word_1_64' title='bbox 828 1623 992 1688; x_wconf 89' lang='lat' dir='ltr'><strong>annuatim</strong></span> <span class='ocrx_word' id='word_1_65' title='bbox 1013 1623 1068 1707; x_wconf 85' lang='lat' dir='ltr'><strong>viij</strong></span> <span class='ocrx_word' id='word_1_66' title='bbox 1092 1645 1167 1705; x_wconf 74' lang='lat' dir='ltr'><strong>mn,</strong></span> <span class='ocrx_word' id='word_1_67' title='bbox 1198 1620 1239 1686; x_wconf 87' lang='lat' dir='ltr'><strong>de</strong></span> <span class='ocrx_word' id='word_1_68' title='bbox 1262 1620 1378 1708; x_wconf 86' lang='lat' dir='ltr'><strong>quibus</strong></span> <span class='ocrx_word' id='word_1_69' title='bbox 1400 1619 1564 1686; x_wconf 84' lang='lat' dir='ltr'><strong>advitam</strong></span> <span class='ocrx_word' id='word_1_70' title='bbox 1586 1622 1721 1708; x_wconf 79' lang='lat' dir='ltr'><strong>recipiet</strong></span> <span class='ocrx_word' id='word_1_71' title='bbox 1742 1622 1836 1688; x_wconf 84' lang='lat' dir='ltr'><strong>Jwen</strong></span> <span class='ocrx_word' id='word_1_72' title='bbox 1857 1623 1901 1709; x_wconf 90' lang='lat' dir='ltr'><strong>iiij</strong></span> <span class='ocrx_word' id='word_1_73' title='bbox 1924 1645 1983 1688; x_wconf 88' lang='lat' dir='ltr'><strong>mr.</strong></span> <span class='ocrx_word' id='word_1_74' title='bbox 2007 1645 2027 1688; x_wconf 91' lang='lat' dir='ltr'><strong>a</strong></span> <span class='ocrx_word' id='word_1_75' title='bbox 2049 1625 2200 1713; x_wconf 84' lang='lat' dir='ltr'><strong>capitulo,</strong></span> <span class='ocrx_word' id='word_1_76' title='bbox 2222 1623 2279 1690; x_wconf 90' lang='lat' dir='ltr'><strong>sed</strong></span> 
     </span>
     <span class='ocr_line' id='line_1_9' title="bbox 624 1739 1794 1834; baseline -0.005 -24"><span class='ocrx_word' id='word_1_77' title='bbox 624 1751 856 1834; x_wconf 88' lang='lat' dir='ltr'><strong>postmortem</strong></span> <span class='ocrx_word' id='word_1_78' title='bbox 879 1743 949 1828; x_wconf 82' lang='lat' dir='ltr'><strong>ejus</strong></span> <span class='ocrx_word' id='word_1_79' title='bbox 972 1750 1072 1806; x_wconf 91' lang='lat' dir='ltr'><strong>totum</strong></span> <span class='ocrx_word' id='word_1_80' title='bbox 1095 1740 1192 1806; x_wconf 85' lang='lat' dir='ltr'><strong>cedet</strong></span> <span class='ocrx_word' id='word_1_81' title='bbox 1213 1739 1353 1827; x_wconf 74' lang='lat' dir='ltr'><strong>capitulo</strong></span> <span class='ocrx_word' id='word_1_82' title='bbox 1378 1739 1421 1804; x_wconf 81' lang='lat' dir='ltr'><strong>ad</strong></span> <span class='ocrx_word' id='word_1_83' title='bbox 1443 1741 1573 1805; x_wconf 88' lang='lat' dir='ltr'><strong>missam</strong></span> <span class='ocrx_word' id='word_1_84' title='bbox 1596 1739 1794 1828; x_wconf 68' lang='lat' dir='ltr'><strong>predictam.</strong></span> 
     </span>
    </p>

    <p class='ocr_par' dir='ltr' id='par_1_6' title="bbox 622 1856 2281 2188">
     <span class='ocr_line' id='line_1_10' title="bbox 773 1856 2281 1928; baseline -0.001 -2"><span class='ocrx_word' id='word_1_85' title='bbox 773 1862 837 1926; x_wconf 90' lang='lat' dir='ltr'><strong>Pro</strong></span> <span class='ocrx_word' id='word_1_86' title='bbox 865 1857 1075 1927; x_wconf 88' lang='lat' dir='ltr'><strong>luminaribus</strong></span> <span class='ocrx_word' id='word_1_87' title='bbox 1102 1856 1251 1923; x_wconf 88' lang='lat' dir='ltr'><strong>tenendis</strong></span> <span class='ocrx_word' id='word_1_88' title='bbox 1279 1857 1379 1922; x_wconf 90' lang='lat' dir='ltr'><strong>donat</strong></span> <span class='ocrx_word' id='word_1_89' title='bbox 1405 1858 1510 1924; x_wconf 85' lang='lat' dir='ltr'><strong>wutff</strong></span> <span class='ocrx_word' id='word_1_90' title='bbox 1533 1881 1598 1924; x_wconf 85' lang='lat' dir='ltr'><strong>van</strong></span> <span class='ocrx_word' id='word_1_91' title='bbox 1626 1859 1686 1924; x_wconf 91' lang='lat' dir='ltr'><strong>der</strong></span> <span class='ocrx_word' id='word_1_92' title='bbox 1713 1859 1825 1924; x_wconf 89' lang='lat' dir='ltr'><strong>Wiseh</strong></span> <span class='ocrx_word' id='word_1_93' title='bbox 1851 1882 1951 1925; x_wconf 89' lang='lat' dir='ltr'><strong>vnum</strong></span> <span class='ocrx_word' id='word_1_94' title='bbox 1978 1860 2128 1928; x_wconf 86' lang='lat' dir='ltr'><strong>colonum</strong></span> <span class='ocrx_word' id='word_1_95' title='bbox 2155 1861 2281 1928; x_wconf 86' lang='lat' dir='ltr'><strong>Wolter</strong></span> 
     </span>
     <span class='ocr_line' id='line_1_11' title="bbox 622 1975 2279 2068; baseline -0.002 -19"><span class='ocrx_word' id='word_1_96' title='bbox 622 1984 788 2049; x_wconf 87' lang='lat' dir='ltr'><strong>Bernssen</strong></span> <span class='ocrx_word' id='word_1_97' title='bbox 809 1981 843 2048; x_wconf 90' lang='lat' dir='ltr'><strong>in</strong></span> <span class='ocrx_word' id='word_1_98' title='bbox 865 1975 1142 2064; x_wconf 87' lang='lat' dir='ltr'><strong>Wisdorperrodh</strong></span> <span class='ocrx_word' id='word_1_99' title='bbox 1162 1975 1324 2063; x_wconf 69' lang='lat' dir='ltr'><strong>parochiae</strong></span> <span class='ocrx_word' id='word_1_100' title='bbox 1346 1975 1514 2064; x_wconf 88' lang='lat' dir='ltr'><strong>Wisdorp,</strong></span> <span class='ocrx_word' id='word_1_101' title='bbox 1536 1976 1592 2043; x_wconf 87' lang='lat' dir='ltr'><strong>dat</strong></span> <span class='ocrx_word' id='word_1_102' title='bbox 1613 1979 1776 2042; x_wconf 80' lang='lat' dir='ltr'><strong>annuatim</strong></span> <span class='ocrx_word' id='word_1_103' title='bbox 1798 1977 1868 2064; x_wconf 70' lang='lat' dir='ltr'><strong>iijss</strong></span> <span class='ocrx_word' id='word_1_104' title='bbox 1891 2001 2019 2045; x_wconf 89' lang='lat' dir='ltr'><strong>annone</strong></span> <span class='ocrx_word' id='word_1_105' title='bbox 2041 1979 2192 2068; x_wconf 80' lang='lat' dir='ltr'><strong>triplicis,</strong></span> <span class='ocrx_word' id='word_1_106' title='bbox 2214 1981 2279 2046; x_wconf 88' lang='lat' dir='ltr'><strong>soil.</strong></span> 
     </span>
     <span class='ocr_line' id='line_1_12' title="bbox 624 2097 1640 2188; baseline -0.009 -19"><span class='ocrx_word' id='word_1_107' title='bbox 624 2101 778 2188; x_wconf 88' lang='lat' dir='ltr'><strong>Siliginis,</strong></span> <span class='ocrx_word' id='word_1_108' title='bbox 800 2097 902 2180; x_wconf 88' lang='lat' dir='ltr'><strong>ordei,</strong></span> <span class='ocrx_word' id='word_1_109' title='bbox 923 2117 1039 2162; x_wconf 83' lang='lat' dir='ltr'><strong>eosne.</strong></span> <span class='ocrx_word' id='word_1_110' title='bbox 1639 2128 1640 2132; x_wconf 38' lang='lat'>¹</span> 
     </span>
    </p>

    <p class='ocr_par' dir='ltr' id='par_1_7' title="bbox 624 2211 2278 2418">
     <span class='ocr_line' id='line_1_13' title="bbox 772 2211 2278 2306; baseline 0.001 -24"><span class='ocrx_word' id='word_1_111' title='bbox 772 2216 933 2283; x_wconf 87' lang='lat' dir='ltr'><strong>Henneks</strong></span> <span class='ocrx_word' id='word_1_112' title='bbox 956 2213 1058 2280; x_wconf 80' lang='lat' dir='ltr'><strong>Stske</strong></span> <span class='ocrx_word' id='word_1_113' title='bbox 1080 2211 1179 2279; x_wconf 88' lang='lat' dir='ltr'><strong>habet</strong></span> <span class='ocrx_word' id='word_1_114' title='bbox 1199 2235 1248 2278; x_wconf 89' lang='lat' dir='ltr'><strong>xx</strong></span> <span class='ocrx_word' id='word_1_115' title='bbox 1268 2235 1328 2278; x_wconf 88' lang='lat' dir='ltr'><strong>mr.</strong></span> <span class='ocrx_word' id='word_1_116' title='bbox 1350 2212 1416 2280; x_wconf 90' lang='lat' dir='ltr'><strong>lub.</strong></span> <span class='ocrx_word' id='word_1_117' title='bbox 1437 2216 1473 2279; x_wconf 94' lang='lat' dir='ltr'><strong>in</strong></span> <span class='ocrx_word' id='word_1_118' title='bbox 1494 2213 1581 2278; x_wconf 91' lang='lat' dir='ltr'><strong>bono</strong></span> <span class='ocrx_word' id='word_1_119' title='bbox 1604 2236 1662 2280; x_wconf 86' lang='lat' dir='ltr'><strong>suo</strong></span> <span class='ocrx_word' id='word_1_120' title='bbox 1684 2217 1718 2280; x_wconf 91' lang='lat' dir='ltr'><strong>in</strong></span> <span class='ocrx_word' id='word_1_121' title='bbox 1740 2213 1877 2302; x_wconf 86' lang='lat' dir='ltr'><strong>Ostrup,</strong></span> <span class='ocrx_word' id='word_1_122' title='bbox 1904 2216 1991 2303; x_wconf 90' lang='lat' dir='ltr'><strong>quod</strong></span> <span class='ocrx_word' id='word_1_123' title='bbox 2012 2239 2149 2304; x_wconf 88' lang='lat' dir='ltr'><strong>presens</strong></span> <span class='ocrx_word' id='word_1_124' title='bbox 2171 2239 2278 2306; x_wconf 85' lang='lat' dir='ltr'><strong>posse-</strong></span> 
     </span>
     <span class='ocr_line' id='line_1_14' title="bbox 624 2331 1554 2418; baseline -0.006 -14"><span class='ocrx_word' id='word_1_125' title='bbox 624 2339 671 2404; x_wconf 92' lang='lat' dir='ltr'><strong>dit</strong></span> <span class='ocrx_word' id='word_1_126' title='bbox 691 2335 755 2404; x_wconf 88' lang='lat' dir='ltr'><strong>Jeb</strong></span> <span class='ocrx_word' id='word_1_127' title='bbox 777 2337 868 2402; x_wconf 90' lang='lat' dir='ltr'><strong>Brun</strong></span> <span class='ocrx_word' id='word_1_128' title='bbox 888 2333 1019 2415; x_wconf 86' lang='lat' dir='ltr'><strong>ibidem,</strong></span> <span class='ocrx_word' id='word_1_129' title='bbox 1041 2331 1227 2397; x_wconf 84' lang='lat' dir='ltr'><strong>reddituant</strong></span> <span class='ocrx_word' id='word_1_130' title='bbox 1248 2333 1412 2397; x_wconf 88' lang='lat' dir='ltr'><strong>annuatim</strong></span> <span class='ocrx_word' id='word_1_131' title='bbox 1433 2333 1504 2418; x_wconf 83' lang='lat' dir='ltr'><strong>xxij</strong></span> <span class='ocrx_word' id='word_1_132' title='bbox 1519 2331 1554 2413; x_wconf 74' lang='lat' dir='ltr'><strong>e.</strong></span> 
     </span>
    </p>

    <p class='ocr_par' dir='ltr' id='par_1_8' title="bbox 623 2449 2280 2643">
     <span class='ocr_line' id='line_1_15' title="bbox 774 2449 2280 2540; baseline 0.001 -21"><span class='ocrx_word' id='word_1_133' title='bbox 774 2452 935 2520; x_wconf 83' lang='lat' dir='ltr'><strong>Henneke</strong></span> <span class='ocrx_word' id='word_1_134' title='bbox 963 2450 1065 2518; x_wconf 87' lang='lat' dir='ltr'><strong>Stake</strong></span> <span class='ocrx_word' id='word_1_135' title='bbox 1092 2450 1218 2536; x_wconf 89' lang='lat' dir='ltr'><strong>reoepit</strong></span> <span class='ocrx_word' id='word_1_136' title='bbox 1244 2472 1264 2515; x_wconf 89' lang='lat' dir='ltr'><strong>a</strong></span> <span class='ocrx_word' id='word_1_137' title='bbox 1286 2449 1436 2537; x_wconf 81' lang='lat' dir='ltr'><strong>Capitulo</strong></span> <span class='ocrx_word' id='word_1_138' title='bbox 1459 2471 1503 2515; x_wconf 87' lang='lat' dir='ltr'><strong>ex</strong></span> <span class='ocrx_word' id='word_1_139' title='bbox 1523 2459 1634 2516; x_wconf 91' lang='lat' dir='ltr'><strong>mutuo</strong></span> <span class='ocrx_word' id='word_1_140' title='bbox 1660 2473 1840 2536; x_wconf 89' lang='lat' dir='ltr'><strong>emareas,</strong></span> <span class='ocrx_word' id='word_1_141' title='bbox 1873 2475 1945 2540; x_wconf 78' lang='lat' dir='ltr'><strong>quse</strong></span> <span class='ocrx_word' id='word_1_142' title='bbox 1973 2455 2101 2520; x_wconf 85' lang='lat' dir='ltr'><strong>fuerant</strong></span> <span class='ocrx_word' id='word_1_143' title='bbox 2129 2456 2161 2519; x_wconf 85' lang='lat' dir='ltr'><strong>&#39;m</strong></span> <span class='ocrx_word' id='word_1_144' title='bbox 2190 2455 2280 2521; x_wconf 89' lang='lat' dir='ltr'><strong>bonis</strong></span> 
     </span>
     <span class='ocr_line' id='line_1_16' title="bbox 623 2549 1003 2643; baseline -0.024 0"><span class='ocrx_word' id='word_1_145' title='bbox 623 2549 784 2643; x_wconf 85' lang='lat' dir='ltr'><strong>Henneke</strong></span> <span class='ocrx_word' id='word_1_146' title='bbox 806 2570 1003 2637; x_wconf 88' lang='lat' dir='ltr'><strong>Zeesteden.</strong></span> 
     </span>
    </p>

    <p class='ocr_par' dir='ltr' id='par_1_9' title="bbox 775 2686 2278 2777">
     <span class='ocr_line' id='line_1_17' title="bbox 775 2686 2278 2777; baseline -0.001 -19"><span class='ocrx_word' id='word_1_147' title='bbox 775 2691 853 2758; x_wconf 91' lang='lat' dir='ltr'><strong>Otto</strong></span> <span class='ocrx_word' id='word_1_148' title='bbox 874 2687 1042 2755; x_wconf 84' lang='lat' dir='ltr'><strong>Emeksen</strong></span> <span class='ocrx_word' id='word_1_149' title='bbox 1062 2688 1097 2752; x_wconf 92' lang='lat' dir='ltr'><strong>in</strong></span> <span class='ocrx_word' id='word_1_150' title='bbox 1117 2687 1255 2774; x_wconf 85' lang='lat' dir='ltr'><strong>Reffhye</strong></span> <span class='ocrx_word' id='word_1_151' title='bbox 1281 2686 1380 2752; x_wconf 89' lang='lat' dir='ltr'><strong>habet</strong></span> <span class='ocrx_word' id='word_1_152' title='bbox 1407 2711 1425 2753; x_wconf 91' lang='lat' dir='ltr'><strong>o</strong></span> <span class='ocrx_word' id='word_1_153' title='bbox 1447 2711 1505 2754; x_wconf 90' lang='lat' dir='ltr'><strong>mr.</strong></span> <span class='ocrx_word' id='word_1_154' title='bbox 1527 2687 1594 2753; x_wconf 89' lang='lat' dir='ltr'><strong>lub.</strong></span> <span class='ocrx_word' id='word_1_155' title='bbox 1616 2690 1649 2754; x_wconf 90' lang='lat' dir='ltr'><strong>in</strong></span> <span class='ocrx_word' id='word_1_156' title='bbox 1676 2687 1769 2754; x_wconf 91' lang='lat' dir='ltr'><strong>bonis</strong></span> <span class='ocrx_word' id='word_1_157' title='bbox 1791 2690 1872 2774; x_wconf 90' lang='lat' dir='ltr'><strong>suis,</strong></span> <span class='ocrx_word' id='word_1_158' title='bbox 1899 2711 1979 2777; x_wconf 87' lang='lat' dir='ltr'><strong>quas</strong></span> <span class='ocrx_word' id='word_1_159' title='bbox 2003 2691 2134 2757; x_wconf 90' lang='lat' dir='ltr'><strong>donauit</strong></span> <span class='ocrx_word' id='word_1_160' title='bbox 2156 2692 2278 2758; x_wconf 87' lang='lat' dir='ltr'><strong>vaiidus</strong></span> 
     </span>
    </p>
   </div>
   <div class='ocr_carea' id='block_1_5' title="bbox 624 2809 2283 3016">
    <p class='ocr_par' dir='ltr' id='par_1_10' title="bbox 624 2809 2283 3016">
     <span class='ocr_line' id='line_1_18' title="bbox 624 2809 974 2880; baseline -0.029 0"><span class='ocrx_word' id='word_1_161' title='bbox 624 2814 674 2880; x_wconf 83' lang='lat' dir='ltr'><strong>vir</strong></span> <span class='ocrx_word' id='word_1_162' title='bbox 694 2812 790 2878; x_wconf 86' lang='lat' dir='ltr'><strong>Jwen</strong></span> <span class='ocrx_word' id='word_1_163' title='bbox 810 2809 974 2876; x_wconf 83' lang='lat' dir='ltr'><strong>Rantsow.</strong></span> 
     </span>
     <span class='ocr_line' id='line_1_19' title="bbox 774 2924 2283 3016; baseline 0.001 -24"><span class='ocrx_word' id='word_1_164' title='bbox 774 2928 916 2993; x_wconf 90' lang='lat' dir='ltr'><strong>Domina</strong></span> <span class='ocrx_word' id='word_1_165' title='bbox 937 2925 1185 3010; x_wconf 70' lang='lat' dir='ltr'><strong>Margaretafin)</strong></span> <span class='ocrx_word' id='word_1_166' title='bbox 1208 2924 1369 2990; x_wconf 79' lang='lat' dir='ltr'><strong>Towsoho</strong></span> <span class='ocrx_word' id='word_1_167' title='bbox 1391 2925 1490 2991; x_wconf 91' lang='lat' dir='ltr'><strong>habet</strong></span> <span class='ocrx_word' id='word_1_168' title='bbox 1510 2927 1602 3012; x_wconf 86' lang='lat' dir='ltr'><strong>xxiiij</strong></span> <span class='ocrx_word' id='word_1_169' title='bbox 1625 2948 1685 2991; x_wconf 90' lang='lat' dir='ltr'><strong>mr.</strong></span> <span class='ocrx_word' id='word_1_170' title='bbox 1704 2927 1780 2992; x_wconf 22' lang='lat' dir='ltr'><strong>vlub.</strong></span> <span class='ocrx_word' id='word_1_171' title='bbox 1809 2949 1890 3014; x_wconf 87' lang='lat' dir='ltr'><strong>quas</strong></span> <span class='ocrx_word' id='word_1_172' title='bbox 1913 2925 2162 2994; x_wconf 81' lang='lat' dir='ltr'><strong>Testamentarii</strong></span> <span class='ocrx_word' id='word_1_173' title='bbox 2185 2950 2283 3016; x_wconf 89' lang='lat' dir='ltr'><strong>quon·</strong></span> 
     </span>
    </p>
   </div>
   <div class='ocr_carea' id='block_1_6' title="bbox 502 3042 2282 3128">
    <p class='ocr_par' dir='ltr' id='par_1_11' title="bbox 502 3042 2282 3128">
     <span class='ocr_line' id='line_1_20' title="bbox 502 3042 2282 3128; baseline -0.001 -13"><span class='ocrx_word' id='word_1_174' title='bbox 502 3057 504 3062; x_wconf 82' lang='grc'>’</span> <span class='ocrx_word' id='word_1_175' title='bbox 625 3051 700 3116; x_wconf 89' lang='lat' dir='ltr'><strong>dam</strong></span> <span class='ocrx_word' id='word_1_176' title='bbox 722 3047 843 3112; x_wconf 90' lang='lat' dir='ltr'><strong>domini</strong></span> <span class='ocrx_word' id='word_1_177' title='bbox 865 3045 994 3112; x_wconf 90' lang='lat' dir='ltr'><strong>Ottonis</strong></span> <span class='ocrx_word' id='word_1_178' title='bbox 1015 3042 1129 3109; x_wconf 86' lang='lat' dir='ltr'><strong>Drake</strong></span> <span class='ocrx_word' id='word_1_179' title='bbox 1152 3044 1300 3109; x_wconf 80' lang='lat' dir='ltr'><strong>canonici</strong></span> <span class='ocrx_word' id='word_1_180' title='bbox 1321 3043 1615 3128; x_wconf 84' lang='lat' dir='ltr'><strong>Haderslebiensis,</strong></span> <span class='ocrx_word' id='word_1_181' title='bbox 1638 3043 1761 3110; x_wconf 85' lang='lat' dir='ltr'><strong>seilicet</strong></span> <span class='ocrx_word' id='word_1_182' title='bbox 1776 3045 1927 3111; x_wconf 89' lang='lat' dir='ltr'><strong>Hinrious</strong></span> <span class='ocrx_word' id='word_1_183' title='bbox 1942 3046 2055 3112; x_wconf 85' lang='lat' dir='ltr'><strong>Krook</strong></span> <span class='ocrx_word' id='word_1_184' title='bbox 2078 3056 2112 3112; x_wconf 91' lang='lat' dir='ltr'><strong>et</strong></span> <span class='ocrx_word' id='word_1_185' title='bbox 2125 3047 2282 3114; x_wconf 90' lang='lat' dir='ltr'><strong>Detleuus</strong></span> 
     </span>
    </p>
   </div>
   <div class='ocr_carea' id='block_1_7' title="bbox 625 3161 2284 3727">
    <p class='ocr_par' dir='ltr' id='par_1_12' title="bbox 625 3161 1780 3251">
     <span class='ocr_line' id='line_1_21' title="bbox 625 3161 1780 3251; baseline -0.005 -17"><span class='ocrx_word' id='word_1_186' title='bbox 625 3167 722 3251; x_wconf 85' lang='lat' dir='ltr'><strong>wulff,</strong></span> <span class='ocrx_word' id='word_1_187' title='bbox 743 3167 992 3251; x_wconf 84' lang='lat' dir='ltr'><strong>assignauerunt</strong></span> <span class='ocrx_word' id='word_1_188' title='bbox 1012 3183 1071 3248; x_wconf 91' lang='lat' dir='ltr'><strong>pro</strong></span> <span class='ocrx_word' id='word_1_189' title='bbox 1094 3161 1197 3227; x_wconf 85' lang='lat' dir='ltr'><strong>solute</strong></span> <span class='ocrx_word' id='word_1_190' title='bbox 1219 3163 1325 3226; x_wconf 87' lang='lat' dir='ltr'><strong>anime</strong></span> <span class='ocrx_word' id='word_1_191' title='bbox 1348 3163 1425 3227; x_wconf 87' lang='lat' dir='ltr'><strong>dieti</strong></span> <span class='ocrx_word' id='word_1_192' title='bbox 1448 3162 1569 3228; x_wconf 89' lang='lat' dir='ltr'><strong>domini</strong></span> <span class='ocrx_word' id='word_1_193' title='bbox 1591 3163 1730 3229; x_wconf 90' lang='lat' dir='ltr'><strong>Ottonis.</strong></span> <span class='ocrx_word' id='word_1_194' title='bbox 1776 3205 1780 3214; x_wconf 86' lang='lat'><strong>·</strong></span> 
     </span>
    </p>

    <p class='ocr_par' dir='ltr' id='par_1_13' title="bbox 625 3279 2284 3727">
     <span class='ocr_line' id='line_1_22' title="bbox 775 3279 2283 3373; baseline 0 -23"><span class='ocrx_word' id='word_1_195' title='bbox 775 3282 912 3350; x_wconf 87' lang='lat' dir='ltr'><strong>Validus</strong></span> <span class='ocrx_word' id='word_1_196' title='bbox 934 3283 985 3347; x_wconf 88' lang='lat' dir='ltr'><strong>vir</strong></span> <span class='ocrx_word' id='word_1_197' title='bbox 1008 3281 1085 3347; x_wconf 91' lang='lat' dir='ltr'><strong>Otto</strong></span> <span class='ocrx_word' id='word_1_198' title='bbox 1107 3283 1264 3347; x_wconf 83' lang='lat' dir='ltr'><strong>Rantzow</strong></span> <span class='ocrx_word' id='word_1_199' title='bbox 1285 3302 1346 3369; x_wconf 89' lang='lat' dir='ltr'><strong>pro</strong></span> <span class='ocrx_word' id='word_1_200' title='bbox 1368 3279 1471 3346; x_wconf 88' lang='lat' dir='ltr'><strong>salute</strong></span> <span class='ocrx_word' id='word_1_201' title='bbox 1493 3283 1598 3346; x_wconf 89' lang='lat' dir='ltr'><strong>anime</strong></span> <span class='ocrx_word' id='word_1_202' title='bbox 1622 3303 1695 3366; x_wconf 91' lang='lat' dir='ltr'><strong>sue,</strong></span> <span class='ocrx_word' id='word_1_203' title='bbox 1717 3285 1845 3366; x_wconf 75' lang='lat' dir='ltr'><strong>uxoris,</strong></span> <span class='ocrx_word' id='word_1_204' title='bbox 1873 3305 2048 3371; x_wconf 88' lang='lat' dir='ltr'><strong>puerorum</strong></span> <span class='ocrx_word' id='word_1_205' title='bbox 2073 3307 2112 3350; x_wconf 89' lang='lat' dir='ltr'><strong>ao</strong></span> <span class='ocrx_word' id='word_1_206' title='bbox 2135 3309 2192 3352; x_wconf 90' lang='lat' dir='ltr'><strong>sue</strong></span> <span class='ocrx_word' id='word_1_207' title='bbox 2214 3307 2283 3373; x_wconf 89' lang='lat' dir='ltr'><strong>pro-</strong></span> 
     </span>
     <span class='ocr_line' id='line_1_23' title="bbox 625 3399 2284 3492; baseline -0.001 -22"><span class='ocrx_word' id='word_1_208' title='bbox 625 3406 734 3492; x_wconf 83' lang='lat' dir='ltr'><strong>geniei</strong></span> <span class='ocrx_word' id='word_1_209' title='bbox 756 3403 888 3470; x_wconf 89' lang='lat' dir='ltr'><strong>donauit</strong></span> <span class='ocrx_word' id='word_1_210' title='bbox 910 3412 943 3468; x_wconf 92' lang='lat' dir='ltr'><strong>et</strong></span> <span class='ocrx_word' id='word_1_211' title='bbox 963 3402 1110 3466; x_wconf 82' lang='lat' dir='ltr'><strong>fundauit</strong></span> <span class='ocrx_word' id='word_1_212' title='bbox 1131 3399 1232 3466; x_wconf 83' lang='lat' dir='ltr'><strong>altare</strong></span> <span class='ocrx_word' id='word_1_213' title='bbox 1256 3411 1366 3466; x_wconf 82' lang='lat' dir='ltr'><strong>sancte</strong></span> <span class='ocrx_word' id='word_1_214' title='bbox 1388 3400 1483 3466; x_wconf 88' lang='lat' dir='ltr'><strong>Anne</strong></span> <span class='ocrx_word' id='word_1_215' title='bbox 1507 3402 1594 3466; x_wconf 88' lang='lat' dir='ltr'><strong>eirea</strong></span> <span class='ocrx_word' id='word_1_216' title='bbox 1616 3401 1717 3466; x_wconf 87' lang='lat' dir='ltr'><strong>altare</strong></span> <span class='ocrx_word' id='word_1_217' title='bbox 1734 3403 1879 3489; x_wconf 88' lang='lat' dir='ltr'><strong>eorporis</strong></span> <span class='ocrx_word' id='word_1_218' title='bbox 1898 3403 2027 3488; x_wconf 79' lang='lat' dir='ltr'><strong>Christi,</strong></span> <span class='ocrx_word' id='word_1_219' title='bbox 2056 3415 2091 3470; x_wconf 86' lang='lat' dir='ltr'><strong>vt</strong></span> <span class='ocrx_word' id='word_1_220' title='bbox 2113 3403 2284 3491; x_wconf 84' lang='lat' dir='ltr'><strong>capitulum</strong></span> 
     </span>
     <span class='ocr_line' id='line_1_24' title="bbox 625 3518 2284 3606; baseline -0.001 -18"><span class='ocrx_word' id='word_1_221' title='bbox 625 3521 901 3589; x_wconf 88' lang='lat' dir='ltr'><strong>Haderslebiense</strong></span> <span class='ocrx_word' id='word_1_222' title='bbox 927 3520 1047 3585; x_wconf 87' lang='lat' dir='ltr'><strong>habeat</strong></span> <span class='ocrx_word' id='word_1_223' title='bbox 1072 3518 1203 3606; x_wconf 86' lang='lat' dir='ltr'><strong>plenum</strong></span> <span class='ocrx_word' id='word_1_224' title='bbox 1232 3519 1476 3606; x_wconf 84' lang='lat' dir='ltr'><strong>dispositionem</strong></span> <span class='ocrx_word' id='word_1_225' title='bbox 1503 3519 1696 3584; x_wconf 89' lang='lat' dir='ltr'><strong>Instituendi</strong></span> <span class='ocrx_word' id='word_1_226' title='bbox 1731 3529 1764 3585; x_wconf 94' lang='lat' dir='ltr'><strong>et</strong></span> <span class='ocrx_word' id='word_1_227' title='bbox 1797 3520 1994 3586; x_wconf 81' lang='lat' dir='ltr'><strong>destituendi</strong></span> <span class='ocrx_word' id='word_1_228' title='bbox 2027 3522 2070 3587; x_wconf 88' lang='lat' dir='ltr'><strong>de</strong></span> <span class='ocrx_word' id='word_1_229' title='bbox 2105 3521 2220 3587; x_wconf 87' lang='lat' dir='ltr'><strong>eadem</strong></span> <span class='ocrx_word' id='word_1_230' title='bbox 2253 3529 2284 3586; x_wconf 85' lang='lat' dir='ltr'><strong>et</strong></span> 
     </span>
     <span class='ocr_line' id='line_1_25' title="bbox 625 3625 2284 3727; baseline -0.002 -20"><span class='ocrx_word' id='word_1_231' title='bbox 625 3640 797 3707; x_wconf 86' lang='lat' dir='ltr'><strong>ordinandi</strong></span> <span class='ocrx_word' id='word_1_232' title='bbox 818 3641 840 3726; x_wconf 86' lang='lat' dir='ltr'><strong>ij</strong></span> <span class='ocrx_word' id='word_1_233' title='bbox 863 3641 978 3705; x_wconf 86' lang='lat' dir='ltr'><strong>missas</strong></span> <span class='ocrx_word' id='word_1_234' title='bbox 999 3637 1130 3721; x_wconf 89' lang='lat' dir='ltr'><strong>ibidem,</strong></span> <span class='ocrx_word' id='word_1_235' title='bbox 1152 3657 1212 3723; x_wconf 91' lang='lat' dir='ltr'><strong>pro</strong></span> <span class='ocrx_word' id='word_1_236' title='bbox 1235 3635 1352 3723; x_wconf 89' lang='lat' dir='ltr'><strong>quibus</strong></span> <span class='ocrx_word' id='word_1_237' title='bbox 1374 3638 1553 3722; x_wconf 82' lang='lat' dir='ltr'><strong>assignauit</strong></span> <span class='ocrx_word' id='word_1_238' title='bbox 1574 3659 1612 3702; x_wconf 88' lang='lat' dir='ltr'><strong>ee</strong></span> <span class='ocrx_word' id='word_1_239' title='bbox 1630 3659 1689 3703; x_wconf 90' lang='lat' dir='ltr'><strong>mr.</strong></span> <span class='ocrx_word' id='word_1_240' title='bbox 1711 3637 1778 3703; x_wconf 88' lang='lat' dir='ltr'><strong>lub.</strong></span> <span class='ocrx_word' id='word_1_241' title='bbox 1801 3660 1873 3726; x_wconf 84' lang='lat' dir='ltr'><strong>ques</strong></span> <span class='ocrx_word' id='word_1_242' title='bbox 1896 3625 1969 3705; x_wconf 87' lang='lat' dir='ltr'><strong>sunt</strong></span> <span class='ocrx_word' id='word_1_243' title='bbox 1990 3639 2078 3727; x_wconf 89' lang='lat' dir='ltr'><strong>apud</strong></span> <span class='ocrx_word' id='word_1_244' title='bbox 2096 3640 2284 3726; x_wconf 80' lang='lat' dir='ltr'><strong>Eggardum</strong></span> 
     </span>
    </p>
   </div>
   <div class='ocr_carea' id='block_1_8' title="bbox 573 3873 2285 5028">
    <p class='ocr_par' dir='ltr' id='par_1_14' title="bbox 626 3873 2284 4082">
     <span class='ocr_line' id='line_1_26' title="bbox 777 3873 2284 3962; baseline -0.002 -19"><span class='ocrx_word' id='word_1_245' title='bbox 777 3877 935 3943; x_wconf 84' lang='lat' dir='ltr'><strong>Strenuus</strong></span> <span class='ocrx_word' id='word_1_246' title='bbox 957 3875 1048 3940; x_wconf 90' lang='lat' dir='ltr'><strong>miles</strong></span> <span class='ocrx_word' id='word_1_247' title='bbox 1072 3875 1234 3962; x_wconf 88' lang='lat' dir='ltr'><strong>quondam</strong></span> <span class='ocrx_word' id='word_1_248' title='bbox 1250 3874 1410 3938; x_wconf 88' lang='lat' dir='ltr'><strong>Dominus</strong></span> <span class='ocrx_word' id='word_1_249' title='bbox 1426 3873 1593 3939; x_wconf 84' lang='lat' dir='ltr'><strong>Johannes</strong></span> <span class='ocrx_word' id='word_1_250' title='bbox 1607 3873 1743 3940; x_wconf 83' lang='lat' dir='ltr'><strong>Schram</strong></span> <span class='ocrx_word' id='word_1_251' title='bbox 1766 3874 1857 3942; x_wconf 85' lang='lat' dir='ltr'><strong>dedit</strong></span> <span class='ocrx_word' id='word_1_252' title='bbox 1878 3876 1922 3943; x_wconf 90' lang='lat' dir='ltr'><strong>ad</strong></span> <span class='ocrx_word' id='word_1_253' title='bbox 1943 3877 2044 3942; x_wconf 84' lang='lat' dir='ltr'><strong>altore</strong></span> <span class='ocrx_word' id='word_1_254' title='bbox 2068 3877 2127 3942; x_wconf 88' lang='lat' dir='ltr'><strong>Sti.</strong></span> <span class='ocrx_word' id='word_1_255' title='bbox 2139 3876 2284 3942; x_wconf 87' lang='lat' dir='ltr'><strong>Maurioii</strong></span> 
     </span>
     <span class='ocr_line' id='line_1_27' title="bbox 626 3992 2174 4082; baseline -0.001 -20"><span class='ocrx_word' id='word_1_256' title='bbox 626 3995 824 4062; x_wconf 77' lang='lat' dir='ltr'><strong>cantabona</strong></span> <span class='ocrx_word' id='word_1_257' title='bbox 843 3996 877 4059; x_wconf 91' lang='lat' dir='ltr'><strong>in</strong></span> <span class='ocrx_word' id='word_1_258' title='bbox 899 3995 1043 4080; x_wconf 83' lang='lat' dir='ltr'><strong>Tystrup</strong></span> <span class='ocrx_word' id='word_1_259' title='bbox 1065 3993 1198 4058; x_wconf 86' lang='lat' dir='ltr'><strong>Herrith</strong></span> <span class='ocrx_word' id='word_1_260' title='bbox 1220 3993 1401 4075; x_wconf 88' lang='lat' dir='ltr'><strong>existentia,</strong></span> <span class='ocrx_word' id='word_1_261' title='bbox 1423 4014 1494 4079; x_wconf 80' lang='lat' dir='ltr'><strong>quse</strong></span> <span class='ocrx_word' id='word_1_262' title='bbox 1516 4013 1576 4078; x_wconf 90' lang='lat' dir='ltr'><strong>per</strong></span> <span class='ocrx_word' id='word_1_263' title='bbox 1597 3992 1745 4058; x_wconf 87' lang='lat' dir='ltr'><strong>fraudem</strong></span> <span class='ocrx_word' id='word_1_264' title='bbox 1767 3995 1907 4082; x_wconf 84' lang='lat' dir='ltr'><strong>capitulo</strong></span> <span class='ocrx_word' id='word_1_265' title='bbox 1930 4004 2004 4061; x_wconf 90' lang='lat' dir='ltr'><strong>sunt</strong></span> <span class='ocrx_word' id='word_1_266' title='bbox 2025 3995 2174 4060; x_wconf 85' lang='lat' dir='ltr'><strong>alienato.</strong></span> 
     </span>
    </p>

    <p class='ocr_par' dir='ltr' id='par_1_15' title="bbox 600 4109 2284 4435">
     <span class='ocr_line' id='line_1_28' title="bbox 600 4109 2282 4198; baseline -0.002 -20"><span class='ocrx_word' id='word_1_267' title='bbox 600 4109 606 4117; x_wconf 79' lang='grc'><strong>’</strong></span> <span class='ocrx_word' id='word_1_268' title='bbox 775 4113 863 4178; x_wconf 88' lang='lat' dir='ltr'><strong>Jtem</strong></span> <span class='ocrx_word' id='word_1_269' title='bbox 888 4112 1084 4178; x_wconf 85' lang='lat' dir='ltr'><strong>venerabilis</strong></span> <span class='ocrx_word' id='word_1_270' title='bbox 1110 4115 1162 4177; x_wconf 88' lang='lat' dir='ltr'><strong>vir</strong></span> <span class='ocrx_word' id='word_1_271' title='bbox 1186 4112 1346 4178; x_wconf 89' lang='lat' dir='ltr'><strong>Dominus</strong></span> <span class='ocrx_word' id='word_1_272' title='bbox 1373 4110 1511 4176; x_wconf 79' lang='lat' dir='ltr'><strong>Michael</strong></span> <span class='ocrx_word' id='word_1_273' title='bbox 1536 4110 1629 4198; x_wconf 83' lang='lat' dir='ltr'><strong>Juarj</strong></span> <span class='ocrx_word' id='word_1_274' title='bbox 1658 4111 1781 4178; x_wconf 78' lang='lat' dir='ltr'><strong>Cantor</strong></span> <span class='ocrx_word' id='word_1_275' title='bbox 1807 4113 1965 4180; x_wconf 74' lang='lat' dir='ltr'><strong>Ecclesia</strong></span> <span class='ocrx_word' id='word_1_276' title='bbox 1999 4112 2282 4178; x_wconf 86' lang='lat' dir='ltr'><strong>Haderslebiensis</strong></span> 
     </span>
     <span class='ocr_line' id='line_1_29' title="bbox 627 4227 2284 4317; baseline -0.002 -19"><span class='ocrx_word' id='word_1_277' title='bbox 627 4241 660 4298; x_wconf 89' lang='lat' dir='ltr'><strong>et</strong></span> <span class='ocrx_word' id='word_1_278' title='bbox 674 4231 858 4298; x_wconf 82' lang='lat' dir='ltr'><strong>Canonious</strong></span> <span class='ocrx_word' id='word_1_279' title='bbox 879 4229 1012 4296; x_wconf 87' lang='lat' dir='ltr'><strong>donauit</strong></span> <span class='ocrx_word' id='word_1_280' title='bbox 1034 4230 1076 4295; x_wconf 90' lang='lat' dir='ltr'><strong>ad</strong></span> <span class='ocrx_word' id='word_1_281' title='bbox 1097 4231 1184 4295; x_wconf 92' lang='lat' dir='ltr'><strong>idem</strong></span> <span class='ocrx_word' id='word_1_282' title='bbox 1206 4230 1308 4295; x_wconf 84' lang='lat' dir='ltr'><strong>altare</strong></span> <span class='ocrx_word' id='word_1_283' title='bbox 1329 4252 1389 4317; x_wconf 92' lang='lat' dir='ltr'><strong>pro</strong></span> <span class='ocrx_word' id='word_1_284' title='bbox 1413 4227 1515 4294; x_wconf 89' lang='lat' dir='ltr'><strong>salute</strong></span> <span class='ocrx_word' id='word_1_285' title='bbox 1537 4230 1644 4295; x_wconf 86' lang='lat' dir='ltr'><strong>anime</strong></span> <span class='ocrx_word' id='word_1_286' title='bbox 1667 4231 1835 4298; x_wconf 88' lang='lat' dir='ltr'><strong>sueLmr.</strong></span> <span class='ocrx_word' id='word_1_287' title='bbox 1849 4231 1915 4298; x_wconf 85' lang='lat' dir='ltr'><strong>iub.</strong></span> <span class='ocrx_word' id='word_1_288' title='bbox 1939 4233 2116 4297; x_wconf 86' lang='lat' dir='ltr'><strong>existentes</strong></span> <span class='ocrx_word' id='word_1_289' title='bbox 2138 4229 2284 4296; x_wconf 91' lang='lat' dir='ltr'><strong>inbonis</strong></span> 
     </span>
     <span class='ocr_line' id='line_1_30' title="bbox 627 4347 1645 4435; baseline -0.004 -20"><span class='ocrx_word' id='word_1_290' title='bbox 627 4350 719 4416; x_wconf 87' lang='lat' dir='ltr'><strong>Hans</strong></span> <span class='ocrx_word' id='word_1_291' title='bbox 740 4371 806 4416; x_wconf 86' lang='lat' dir='ltr'><strong>van</strong></span> <span class='ocrx_word' id='word_1_292' title='bbox 827 4348 1008 4433; x_wconf 88' lang='lat' dir='ltr'><strong>Aneuelde,</strong></span> <span class='ocrx_word' id='word_1_293' title='bbox 1031 4371 1103 4435; x_wconf 84' lang='lat' dir='ltr'><strong>quos</strong></span> <span class='ocrx_word' id='word_1_294' title='bbox 1125 4348 1311 4414; x_wconf 89' lang='lat' dir='ltr'><strong>reddituant</strong></span> <span class='ocrx_word' id='word_1_295' title='bbox 1333 4348 1496 4412; x_wconf 88' lang='lat' dir='ltr'><strong>annuatim</strong></span> <span class='ocrx_word' id='word_1_296' title='bbox 1518 4347 1563 4433; x_wconf 89' lang='lat' dir='ltr'><strong>iiij</strong></span> <span class='ocrx_word' id='word_1_297' title='bbox 1585 4369 1645 4412; x_wconf 90' lang='lat' dir='ltr'><strong>mr.</strong></span> 
     </span>
    </p>

    <p class='ocr_par' dir='ltr' id='par_1_16' title="bbox 573 4465 2285 4912">
     <span class='ocr_line' id='line_1_31' title="bbox 778 4465 2284 4555; baseline -0.001 -22"><span class='ocrx_word' id='word_1_298' title='bbox 778 4467 836 4534; x_wconf 82' lang='lat' dir='ltr'><strong>OC</strong></span> <span class='ocrx_word' id='word_1_299' title='bbox 859 4490 917 4532; x_wconf 90' lang='lat' dir='ltr'><strong>mr.</strong></span> <span class='ocrx_word' id='word_1_300' title='bbox 939 4466 1006 4533; x_wconf 90' lang='lat' dir='ltr'><strong>lub.</strong></span> <span class='ocrx_word' id='word_1_301' title='bbox 1028 4469 1060 4532; x_wconf 93' lang='lat' dir='ltr'><strong>in</strong></span> <span class='ocrx_word' id='word_1_302' title='bbox 1082 4466 1175 4532; x_wconf 91' lang='lat' dir='ltr'><strong>bonis</strong></span> <span class='ocrx_word' id='word_1_303' title='bbox 1198 4466 1361 4553; x_wconf 88' lang='lat' dir='ltr'><strong>quondam</strong></span> <span class='ocrx_word' id='word_1_304' title='bbox 1381 4465 1509 4532; x_wconf 83' lang='lat' dir='ltr'><strong>Olowes</strong></span> <span class='ocrx_word' id='word_1_305' title='bbox 1531 4465 1685 4552; x_wconf 86' lang='lat' dir='ltr'><strong>Rixstorp</strong></span> <span class='ocrx_word' id='word_1_306' title='bbox 1707 4469 1740 4532; x_wconf 91' lang='lat' dir='ltr'><strong>in</strong></span> <span class='ocrx_word' id='word_1_307' title='bbox 1758 4468 1923 4552; x_wconf 80' lang='lat' dir='ltr'><strong>Smsdwst,</strong></span> <span class='ocrx_word' id='word_1_308' title='bbox 1946 4489 2027 4555; x_wconf 83' lang='lat' dir='ltr'><strong>quas</strong></span> <span class='ocrx_word' id='word_1_309' title='bbox 2049 4467 2135 4534; x_wconf 88' lang='lat' dir='ltr'><strong>idom</strong></span> <span class='ocrx_word' id='word_1_310' title='bbox 2155 4468 2284 4534; x_wconf 91' lang='lat' dir='ltr'><strong>donauit</strong></span> 
     </span>
     <span class='ocr_line' id='line_1_32' title="bbox 573 4585 2285 4674; baseline -0.001 -23"><span class='ocrx_word' id='word_1_311' title='bbox 573 4625 575 4630; x_wconf 83' lang='lat'><em>.</em></span> <span class='ocrx_word' id='word_1_312' title='bbox 627 4587 685 4672; x_wconf 87' lang='lat' dir='ltr'><strong>(ad</strong></span> <span class='ocrx_word' id='word_1_313' title='bbox 711 4587 812 4652; x_wconf 86' lang='lat' dir='ltr'><strong>altare</strong></span> <span class='ocrx_word' id='word_1_314' title='bbox 845 4587 904 4653; x_wconf 90' lang='lat' dir='ltr'><strong>Sti.</strong></span> <span class='ocrx_word' id='word_1_315' title='bbox 932 4589 1017 4674; x_wconf 86' lang='lat' dir='ltr'><strong>petri</strong></span> <span class='ocrx_word' id='word_1_316' title='bbox 1049 4586 1091 4652; x_wconf 90' lang='lat' dir='ltr'><strong>ad</strong></span> <span class='ocrx_word' id='word_1_317' title='bbox 1117 4585 1276 4672; x_wconf 80' lang='lat' dir='ltr'><strong>vincula),</strong></span> <span class='ocrx_word' id='word_1_318' title='bbox 1309 4607 1380 4673; x_wconf 81' lang='lat' dir='ltr'><strong>quae</strong></span> <span class='ocrx_word' id='word_1_319' title='bbox 1413 4585 1600 4651; x_wconf 90' lang='lat' dir='ltr'><strong>reddituant</strong></span> <span class='ocrx_word' id='word_1_320' title='bbox 1626 4589 1790 4652; x_wconf 80' lang='lat' dir='ltr'><strong>annuatim</strong></span> <span class='ocrx_word' id='word_1_321' title='bbox 1816 4589 1861 4674; x_wconf 87' lang='lat' dir='ltr'><strong>xij</strong></span> <span class='ocrx_word' id='word_1_322' title='bbox 1892 4610 1951 4653; x_wconf 89' lang='lat' dir='ltr'><strong>mr.</strong></span> <span class='ocrx_word' id='word_1_323' title='bbox 1985 4585 2051 4651; x_wconf 89' lang='lat' dir='ltr'><strong>iub.</strong></span> <span class='ocrx_word' id='word_1_324' title='bbox 2086 4586 2167 4668; x_wconf 75' lang='lat' dir='ltr'><strong>Qua</strong></span> <span class='ocrx_word' id='word_1_325' title='bbox 2199 4585 2285 4651; x_wconf 87' lang='lat' dir='ltr'><strong>bona</strong></span> 
     </span>
     <span class='ocr_line' id='line_1_33' title="bbox 628 4703 2284 4793; baseline -0.002 -23"><span class='ocrx_word' id='word_1_326' title='bbox 628 4705 812 4793; x_wconf 86' lang='lat' dir='ltr'><strong>supradicta</strong></span> <span class='ocrx_word' id='word_1_327' title='bbox 832 4707 1000 4793; x_wconf 81' lang='lat' dir='ltr'><strong>usurpauit</strong></span> <span class='ocrx_word' id='word_1_328' title='bbox 1023 4751 1288 4771; x_wconf 91' lang='grc'><strong>.........</strong></span> <span class='ocrx_word' id='word_1_329' title='bbox 1332 4704 1377 4770; x_wconf 84' lang='lat' dir='ltr'><strong>Et</strong></span> <span class='ocrx_word' id='word_1_330' title='bbox 1404 4705 1577 4791; x_wconf 82' lang='lat' dir='ltr'><strong>proefeotus</strong></span> <span class='ocrx_word' id='word_1_331' title='bbox 1605 4705 1708 4790; x_wconf 83' lang='lat' dir='ltr'><strong>eius1)</strong></span> <span class='ocrx_word' id='word_1_332' title='bbox 1736 4707 1769 4770; x_wconf 94' lang='lat' dir='ltr'><strong>in</strong></span> <span class='ocrx_word' id='word_1_333' title='bbox 1799 4705 1916 4772; x_wconf 84' lang='lat' dir='ltr'><strong>Castro</strong></span> <span class='ocrx_word' id='word_1_334' title='bbox 1941 4703 2171 4772; x_wconf 88' lang='lat' dir='ltr'><strong>Sunderboreh</strong></span> <span class='ocrx_word' id='word_1_335' title='bbox 2200 4703 2284 4768; x_wconf 89' lang='lat' dir='ltr'><strong>omni</strong></span> 
     </span>
     <span class='ocr_line' id='line_1_34' title="bbox 627 4821 1740 4912; baseline -0.001 -23"><span class='ocrx_word' id='word_1_336' title='bbox 627 4845 712 4890; x_wconf 88' lang='lat' dir='ltr'><strong>anno</strong></span> <span class='ocrx_word' id='word_1_337' title='bbox 734 4823 818 4888; x_wconf 89' lang='lat' dir='ltr'><strong>infra</strong></span> <span class='ocrx_word' id='word_1_338' title='bbox 839 4833 971 4889; x_wconf 84' lang='lat' dir='ltr'><strong>octauas</strong></span> <span class='ocrx_word' id='word_1_339' title='bbox 993 4823 1175 4912; x_wconf 83' lang='lat' dir='ltr'><strong>Epiphanie</strong></span> <span class='ocrx_word' id='word_1_340' title='bbox 1198 4822 1304 4888; x_wconf 88' lang='lat' dir='ltr'><strong>solust</strong></span> <span class='ocrx_word' id='word_1_341' title='bbox 1325 4822 1464 4908; x_wconf 85' lang='lat' dir='ltr'><strong>capitulo</strong></span> <span class='ocrx_word' id='word_1_342' title='bbox 1488 4821 1590 4888; x_wconf 87' lang='lat' dir='ltr'><strong>dietas</strong></span> <span class='ocrx_word' id='word_1_343' title='bbox 1612 4823 1658 4908; x_wconf 83' lang='lat' dir='ltr'><strong>xij</strong></span> <span class='ocrx_word' id='word_1_344' title='bbox 1682 4845 1740 4888; x_wconf 91' lang='lat' dir='ltr'><strong>mr.</strong></span> 
     </span>
    </p>

    <p class='ocr_par' dir='ltr' id='par_1_17' title="bbox 776 4939 2285 5028">
     <span class='ocr_line' id='line_1_35' title="bbox 776 4939 2285 5028; baseline -0.001 -20"><span class='ocrx_word' id='word_1_345' title='bbox 776 4943 872 5008; x_wconf 86' lang='lat' dir='ltr'><strong>Anno</strong></span> <span class='ocrx_word' id='word_1_346' title='bbox 899 4942 1032 5007; x_wconf 90' lang='lat' dir='ltr'><strong>Domini</strong></span> <span class='ocrx_word' id='word_1_347' title='bbox 1058 4941 1139 5008; x_wconf 81' lang='lat'>1466</span> <span class='ocrx_word' id='word_1_348' title='bbox 1170 4942 1203 5006; x_wconf 93' lang='lat' dir='ltr'><strong>in</strong></span> <span class='ocrx_word' id='word_1_349' title='bbox 1236 4941 1289 5005; x_wconf 92' lang='lat' dir='ltr'><strong>die</strong></span> <span class='ocrx_word' id='word_1_350' title='bbox 1316 4939 1442 5005; x_wconf 86' lang='lat' dir='ltr'><strong>Nieolai</strong></span> <span class='ocrx_word' id='word_1_351' title='bbox 1469 4941 1593 5028; x_wconf 84' lang='lat' dir='ltr'><strong>recepit</strong></span> <span class='ocrx_word' id='word_1_352' title='bbox 1625 4941 1768 5007; x_wconf 87' lang='lat' dir='ltr'><strong>..oker</strong></span> <span class='ocrx_word' id='word_1_353' title='bbox 1795 4942 1989 5008; x_wconf 87' lang='lat' dir='ltr'><strong>Bundessen</strong></span> <span class='ocrx_word' id='word_1_354' title='bbox 2020 4965 2068 5007; x_wconf 89' lang='lat' dir='ltr'><strong>xx</strong></span> <span class='ocrx_word' id='word_1_355' title='bbox 2094 4965 2154 5008; x_wconf 89' lang='lat' dir='ltr'><strong>mr.</strong></span> <span class='ocrx_word' id='word_1_356' title='bbox 2188 4963 2285 5028; x_wconf 90' lang='lat' dir='ltr'><strong>super</strong></span> 
     </span>
    </p>
   </div>
   <div class='ocr_carea' id='block_1_9' title="bbox 653 5279 1794 5386">
    <p class='ocr_par' dir='ltr' id='par_1_18' title="bbox 653 5279 1794 5386">
     <span class='ocr_line' id='line_1_36' title="bbox 653 5279 1794 5386; baseline -0.001 -15"><span class='ocrx_word' id='word_1_357' title='bbox 653 5315 674 5383; x_wconf 83' lang='lat'><strong>¹)</strong></span> <span class='ocrx_word' id='word_1_358' title='bbox 692 5319 753 5384; x_wconf 71' lang='lat' dir='ltr'><strong>aa,</strong></span> <span class='ocrx_word' id='word_1_359' title='bbox 770 5321 787 5370; x_wconf 79' lang='lat' dir='ltr'><strong>s.</strong></span> <span class='ocrx_word' id='word_1_360' title='bbox 805 5335 828 5371; x_wconf 76' lang='lat' dir='ltr'><strong>s.</strong></span> <span class='ocrx_word' id='word_1_361' title='bbox 845 5319 987 5372; x_wconf 72' lang='lat' dir='ltr'><strong>noromeae</strong></span> <span class='ocrx_word' id='word_1_362' title='bbox 1004 5318 1111 5386; x_wconf 67' lang='lat' dir='ltr'><strong>regns.</strong></span> <span class='ocrx_word' id='word_1_363' title='bbox 1147 5317 1187 5368; x_wconf 80' lang='lat' dir='ltr'><strong>cr.</strong></span> <span class='ocrx_word' id='word_1_364' title='bbox 1204 5316 1421 5384; x_wconf 71' lang='lat' dir='ltr'><strong>mpnmsmsum</strong></span> <span class='ocrx_word' id='word_1_365' title='bbox 1438 5316 1579 5369; x_wconf 72' lang='lat' dir='ltr'><strong>ommam</strong></span> <span class='ocrx_word' id='word_1_366' title='bbox 1594 5279 1672 5382; x_wconf 65' lang='lat' dir='ltr'><strong>psus</strong></span> <span class='ocrx_word' id='word_1_367' title='bbox 1688 5331 1714 5382; x_wconf 74' lang='lat' dir='ltr'><strong>p.</strong></span> <span class='ocrx_word' id='word_1_368' title='bbox 1733 5317 1794 5370; x_wconf 86' lang='lat' dir='ltr'><strong>sse.</strong></span> 
     </span>
    </p>
   </div>
   <div class='ocr_carea' id='block_1_10' title="bbox 0 0 2529 6418">
    <p class='ocr_par' dir='ltr' id='par_1_19' title="bbox 0 0 2529 6418">
     <span class='ocr_line' id='line_1_37' title="bbox 0 0 2529 6418; baseline 0 0"><span class='ocrx_word' id='word_1_369' title='bbox 0 0 2529 6418; x_wconf 95' lang='lat' dir='ltr'><strong> </strong></span> 
     </span>
    </p>
   </div>
  </div>
 </body>
</html>
