5094 6408
1069 653 1112 720 43

413 856 500 921 ltem
525 877 587 921 rex
613 863 796 941 assumptus
828 875 886 920 seu
913 853 1035 922 electus
1061 857 1095 921 in
1123 855 1230 943 aliquo
1252 875 1356 941 regno
1378 875 1438 943 per
1454 853 1639 940 juramenta
1661 875 1720 920 sua
1741 861 1792 918 est
1817 853 1921 919 solum

264 997 326 1042 rex
355 975 556 1059 statutarius,
589 973 842 1040 usufructuariae
876 984 908 1040 et
940 974 1180 1040 administrator
1207 976 1302 1060 regni
1330 983 1363 1038 et
1388 995 1455 1038 non
1483 995 1592 1039 rerum
1620 972 1778 1040 dominus.
1817 974 1922 1060 jgitur

264 1094 366 1160 solnm
390 1094 431 1160 de
453 1092 609 1158 fructibus
631 1093 732 1178 ipsius
754 1091 932 1180 reipublice
946 1087 1013 1159 'seu
1035 1094 1106 1159 fisci
1128 1092 1248 1159 debeat
1269 1115 1343 1159 esse
1360 1101 1539 1176 contentus,
1562 1093 1638 1179 quia
1655 1090 1795 1158 dominia
1812 1115 1921 1158 rerum

165 1287 168 1294 ⁴
265 1211 450 1280 nullomodo
473 1220 547 1276 sunt
568 1209 655 1298 apud
680 1232 763 1287 eum,
787 1211 846 1276 sed
869 1212 956 1300 apud
979 1212 1188 1296 consiliarios,
1211 1211 1371 1278 electores
1394 1220 1427 1277 et
1446 1209 1639 1297 regnicolas,
1661 1220 1695 1275 vt
1716 1211 1921 1299 premittitur.

264 1329 350 1396 vnde
383 1328 489 1395 lucide
523 1329 640 1420 claret,
673 1329 761 1416 quod
793 1329 897 1396 libera
929 1339 962 1396 ct
994 1332 1122 1416 integra
1154 1331 1323 1418 dispositio
1351 1331 1492 1395 omnium
1518 1351 1626 1394 rerum
1653 1330 1747 1416 regni
1774 1331 1920 1396 vacantis

265 1458 391 1536 spectat
412 1457 445 1514 et
465 1450 608 1536 pertinet
629 1448 672 1512 ad
693 1448 777 1514 illius
801 1448 1001 1514 consiliarios
1024 1458 1057 1515 et
1077 1449 1272 1536 regnicolas,
1294 1460 1328 1516 et
1350 1447 1506 1537 quidquid
1528 1448 1720 1534 dispositum
1741 1458 1774 1514 et
1795 1447 1922 1514 ordina·

263 1578 330 1634 tum
352 1568 449 1634 luerit
469 1589 529 1654 per
551 1587 609 1632 eos
630 1588 733 1652 regno
756 1577 909 1652 vacante,
940 1566 1063 1634 viribus
1091 1569 1245 1635 subsistat
1272 1579 1306 1634 et
1331 1590 1393 1656 per
1413 1589 1526 1654 regem
1548 1567 1734 1631 statuarium
1758 1587 1922 1636 assumen-

265 1686 340 1752 dum
367 1685 455 1751 nullo
483 1685 579 1752 modo
604 1685 804 1764 reuocabile.
838 1695 872 1751 et
896 1687 925 1752 si
950 1685 1072 1774 aliquid
1099 1688 1180 1752 fisco
1202 1686 1293 1774 regio
1317 1687 1541 1754 detraheretur
1561 1707 1621 1773 per
1643 1684 1791 1769 eosdem,
1823 1684 1922 1752 stabit

263 1805 526 1883 irremeabiliter,
549 1805 626 1892 quia
646 1803 730 1870 illius
753 1815 786 1870 et
807 1805 934 1870 soluere
957 1807 1046 1870 cuius
1070 1815 1120 1871 est
1141 1787 1293 1872 condere.

406 1925 485 1990 'Hiis
507 1922 610 1989 tribus
631 1925 759 2010 punctis
780 1925 946 2011 premissis
967 1932 1002 1989 et
1029 1922 1203 2010 diligenter
1225 1925 1416 1990 examinatis
1447 1931 1545 2011 atque
1574 1921 1682 1989 debite
1711 1921 1922 2008 exequutioni

265 2041 466 2109 demandatis
488 2041 712 2108 traohtandum
734 2053 786 2108 est
808 2042 849 2108 de
871 2064 953 2129 rege
973 2065 1059 2109 nouo
1081 2043 1144 2130 ipsi
1165 2064 1267 2129 regno
1290 2041 1495 2129 prefitiendo.

412 2160 500 2226 Jtem
530 2162 633 2250 primo
663 2160 1022 2226 adimaattendcndum¹
1056 2171 1121 2246 est,
1157 2185 1254 2250 quam
1285 2163 1370 2228 cauti
1393 2171 1427 2228 et
1447 2159 1564 2247 vigiles
1588 2167 1621 2223 et
1641 2159 1757 2224 attenti
1779 2157 1923 2224 debeant

265 2301 337 2346 esse
350 2263 535 2346 ¹consiliarii
559 2289 592 2344 et
612 2279 779 2366 regnicole
800 2280 835 2345 in
855 2301 960 2366 regno
983 2280 1137 2366 electiuo,
1169 2280 1258 2369 quod
1279 2303 1339 2368 per
1364 2281 1520 2346 incuriam
1549 2289 1582 2345 et
1603 2278 1836 2364 negligentiam
1856 2299 1923 2343 non

264 2401 425 2488 patiantur
452 2419 558 2486 neque
587 2399 767 2464 sustineant
794 2420 919 2464 eorum.
932 2422 1071 2486 regnum
1098 2401 1270 2466 electiunm
1302 2399 1374 2464 fieri
1401 2397 1497 2464 alicui
1522 2401 1594 2486 regi
1626 2397 1857 2465 hereditarium
1890 2405 1924 2462 et

265 2519 517 2601 successorium,
550 2518 626 2604 quia
653 2526 731 2582 tune
752 2517 816 2606 ipsi
838 2516 1011 2583 consiliarii
1033 2529 1066 2584 et
1086 2519 1252 2606 regnicole
1275 2521 1423 2585 amittunt
1445 2517 1618 2584 dominium
1644 2517 1801 2583 directum
1822 2515 1923 2602 ipsius

264 2637 356 2722 regni
379 2645 411 2700 et
432 2636 494 2722 ipsi
515 2638 586 2722 regi
608 2635 804 2701 hereditarie
826 2636 1002 2723 acquiritur
1023 2659 1084 2725 pro
1107 2659 1143 2703 se
1173 2648 1205 2704 ot
1227 2640 1292 2704 suis
1314 2637 1469 2725 posteris,
1496 2639 1597 2703 etsie
1620 2635 1754 2701 libertas
1776 2633 1924 2700 consilia-

264 2754 383 2819 riorum
413 2763 445 2819 et
476 2753 715 2841 regnicolarum
744 2754 942 2821 conuertitur
968 2757 1002 2821 in
1028 2758 1227 2824 seruitutem.
1261 2767 1295 2824 et
1321 2757 1364 2822 ad
1392 2756 1578 2822 euitandum
1609 2755 1706 2822 talem
1735 2755 1923 2819 seruitutem

264 2872 363 2958 longa
387 2871 472 2937 linea
495 2872 617 2938 duecte
638 2895 754 2958 regum
781 2873 815 2936 in
842 2895 944 2958 regno
974 2874 1112 2940 electiuo
1138 2876 1295 2962 fugienda
1322 2883 1382 2942 est.
1405 2876 1432 2940 si
1455 2883 1571 2962 quarta
1599 2874 1686 2939 linea
1715 2872 1839 2938 directa
1867 2870 1924 2938 dat

265 2992 517 3076 successionem,
549 3000 626 3056 tunc
652 2992 771 3076 tercia,
805 3013 868 3079 que
901 3001 952 3058 eat
976 2994 1163 3060 immediata
1188 2997 1243 3061 via
1269 2995 1313 3060 ad
1345 3003 1509 3082 quartam,
1540 2991 1724 3080 pericrdosa
1755 2999 1826 3076 est,
1860 2991 1924 3056 nisi

266 3109 398 3176 cautelis
425 3110 658 3196 pregnantibus
681 3107 848 3194 adhibitis,
870 3112 898 3175 si
919 3111 1034 3176 saltem
1055 3113 1253 3178 sufficienter
1274 3113 1421 3178 adhiberi
1442 3111 1577 3200 possint.

413 3228 595 3328 Euerptum
622 3227 764 3292 notabile
794 3251 837 3293 ex
860 3227 935 3294 dict.
957 3229 1046 3294 Bart.
1071 3240 1104 3296 et
1128 3230 1217 3294 idem
1242 3233 1276 3296 in
1303 3231 1422 3296 effectu
1448 3230 1609 3317 reperitur
1635 3227 1723 3316 apud
1752 3197 1924 3292 ecclesiam

265 3345 471 3412 Lundensem
494 3354 527 3410 et
548 3345 634 3433 apud
656 3345 735 3412 alias
758 3346 914 3412 ecclesias
936 3347 1139 3414 cathedrales
1160 3351 1328 3436 prouincie
1351 3349 1454 3414 Dacie
1477 3357 1550 3431 etc,
1571 3348 1648 3435 quia
1668 3347 1715 3412 sic
1736 3347 1825 3434 prius
1847 3365 1923 3434 pro·

204 3459 206 3474 '
266 3486 392 3530 cessum
420 3473 470 3529 est
495 3465 529 3530 in
557 3485 661 3549 regno
684 3464 786 3530 Dacia
810 3464 894 3532 illius
920 3467 1108 3532 vacationis
1128 3477 1284 3555 tempore.
1337 3468 1446 3534 Jmmo
1467 3465 1607 3532 Mathias
1629 3464 1792 3553 quondam
1814 3464 1925 3550 Vnga·

263 3605 373 3649 rorum
407 3605 468 3649 rex
499 3584 533 3648 in
566 3583 720 3649 extremis
754 3605 873 3668 agens,
906 3595 1078 3672 postquam
1109 3585 1272 3673 loquelam
1299 3585 1456 3672 perdidit,
1489 3583 1656 3650 mandauit
1684 3606 1742 3672 per
1770 3581 1921 3670 pollicem

265 3723 372 3786 suurn,
405 3701 545 3768 eundem
571 3723 761 3789 processum
788 3701 861 3768 lieri
887 3724 947 3790 per
975 3703 1175 3770 consiliarios
1205 3727 1281 3770 suos
1311 3727 1350 3770 eo
1380 3704 1543 3770 defuncto.
1594 3701 1668 3784 Quo
1695 3723 1853 3791 processu
1876 3702 1924 3768 sie

264 3821 350 3886 facto
384 3831 417 3887 et
448 3841 508 3909 per
535 3819 648 3885 sedem
682 3820 893 3908 apostolicam
924 3823 1120 3910 approbato,
1160 3825 1231 3912 jpsi
1256 3824 1383 3911 Vngani
1417 3823 1586 3909 elegerunt
1618 3843 1732 3908 regem
1765 3821 1923 3888 Bohemie

264 3938 457 4027 profitiendo
489 3961 562 4004 enm
595 3940 697 4004 eciam
730 3961 832 4026 regno
857 3939 1003 4028 Vngarie
1030 3952 1144 4008 contra
1169 3943 1425 4008 Maximilianum
1452 3951 1531 4007 tunc
1561 3963 1676 4028 regem
1704 3941 1923 4006 Romanorum

263 4057 509 4146 pretendentem
537 4080 572 4124 se
604 4067 759 4145 tanquam
786 4058 903 4140 ducem
931 4061 1061 4126 Austris
1084 4061 1140 4148 jos
1166 4063 1403 4128 successorium
1437 4060 1560 4126 habere
1587 4061 1621 4126 in
1646 4081 1751 4146 regno
1774 4058 1922 4144 Vngarie

265 4177 420 4264 predicto.

991 4293 995 4317 ³
1067 4317 1135 4375 ss..

445 4431 616 4498 Christian
635 4429 859 4520 Iaforal'o'br'pe
880 4433 1155 4522 Hcoirdfoestninp,
1177 4433 1240 4499 dot.
1263 4435 1437 4500 Hoderslao
1458 4443 1476 4500 1
1501 4433 1618 4522 Septbr.
1643 4432 1754 4500 1448'.

301 4561 305 4578 '
414 4565 482 4655 wy
504 4565 678 4653 Oristiern,
704 4567 791 4634 metb
812 4569 918 4654 gudhs
939 4568 1036 4635 nathe
1058 4571 1192 4657 greuej
1218 4568 1432 4658 Oldenborgh
1455 4569 1515 4637 och
1536 4568 1781 4655 Delmenhorst,
1802 4567 1922 4644 hielsse

265 4683 326 4748 alle
350 4707 426 4750 men
453 4683 674 4750 nerwerindes
702 4686 763 4752 och
790 4686 1116 4754 hommeschulendas
1143 4687 1299 4775 kaerlighe
1327 4689 1414 4754 meth
1442 4709 1510 4754 wor
1536 4689 1646 4773 berre,
1680 4687 1741 4752 och
1770 4687 1921 4773 lrungdre

266 4801 325 4866 och
346 4801 471 4868 hennae
492 4802 581 4867 metb
602 4802 702 4870 thette
724 4815 807 4872 wort
828 4826 912 4893 opne
934 4805 1032 4892 breff,
1054 4817 1088 4875 at
1109 4829 1162 4894 wy
1184 4828 1248 4873 rere
1271 4827 1338 4872 swo
1362 4829 1501 4873 oucrens
1523 4806 1656 4874 wordne
1678 4805 1765 4872 metb
1788 4803 1920 4892 aerlighe

332 5007 343 5042 ¹
362 5011 512 5062 aiaattendii
529 5011 571 5062 rel
588 5010 754 5062 dusdtendii.
807 5007 955 5078 'original
971 5027 1023 5078 paa
1039 5011 1196 5080 Pergament
1213 5013 1273 5064 med
1290 5011 1342 5063 alle
1361 5013 1393 5064 14
1411 5012 1473 5080 Segi
1491 5013 1549 5080 (No.
1558 5015 1600 5064 1-3
1618 5014 1627 5064 i
1644 5011 1711 5077 rddt,
1729 5013 1792 5062 414
1809 5012 1816 5061 i
1836 5013 1914 5078 grbnt

264 5095 329 5159 Vox,
348 5095 380 5146 de
398 5095 473 5146 lleste
489 5095 533 5146 vel
549 5096 690 5162 bevarede)
708 5096 855 5164 haengende
872 5095 1001 5146 dernnder
1017 5097 1026 5146 i
1043 5097 1321 5165 Pergamcntsrcmme,
1342 5099 1448 5166 bagpaa
1464 5100 1524 5151 med
1541 5115 1574 5150 cn
1591 5099 1714 5164 samtidig
1730 5095 1824 5147 Haand
1842 5111 1918 5146 moer·

263 5179 321 5231 ket:
345 5181 448 5231 Littera
470 5181 513 5247 dnj
536 5181 670 5248 Cristiernj
687 5182 770 5232 Dacia
791 5187 842 5234 eto.
862 5184 980 5235 moderni
1001 5189 1028 5234 et
1050 5184 1122 5235 ducis
1146 5183 1316 5236 Slesnicensis
1338 5201 1416 5252 super
1437 5185 1553 5236 articulis
1570 5184 1757 5237 conseruatiuis
1775 5182 1915 5234 rtilitetum

264 5271 291 5317 et
306 5269 411 5334 punctis
427 5266 583 5334 necmsarijs
599 5268 674 5335 regnj
691 5267 784 5319 Docte.

1693 5371 1709 5421 6
