5088 6416
1881 696 1920 762 13

1103 895 1155 965 18·

293 1033 298 1040 ’
368 1032 482 1098 labra
502 1031 655 1098 dolensis
676 1032 815 1121 episcopi
835 1029 1047 1116 memmae,
1075 1030 1186 1117 quidus
1207 1042 1361 1096 commeare
1385 1031 1537 1098 Pavonem
1557 1032 1649 1100 Petri
1657 1030 1710 1098 ‘ad
1729 1035 1887 1102 eccleciam

855 1150 1067 1238 parochialem
1088 1151 1124 1214 iu
1148 1129 1232 1236 (laoy
1253 1150 1396 1216 intabuit.
1653 1243 1720 1292 1419
1752 1243 1782 1291 11
1802 1240 1884 1294 m

449 1372 617 1440 Jobannes
638 1373 704 1440 Dei
731 1383 765 1439 at
792 1371 968 1460 apostolice
1003 1370 1091 1436 sedis
1124 1372 1237 1456 gracia
1264 1370 1449 1459 Episcopus
1478 1371 1702 1438 Sleswicensis
1735 1376 1894 1454 uniuersis
1929 1388 1962 1444 et

300 1493 435 1580 singulis
457 1491 679 1558 Eeclasiarum
701 1501 736 1557 et
756 1491 953 1579 capellarum
976 1490 1157 1556 diuinarum
1178 1488 1373 1556 Rectoribus
1400 1511 1459 1557 seu
1481 1490 1562 1556 Vicc
1593 1491 1774 1558 rectoribus
1801 1516 1861 1581 per
1888 1518 1961 1582 prs-

299 1614 476 1700 posituram
497 1610 675 1698 Barysysel
696 1609 833 1676 vbilibet
860 1610 1040 1676 constitutis
1063 1607 1208 1675 Salutem
1237 1609 1270 1673 in
1286 1608 1440 1686 Domino.
1485 1608 1569 1675 Cum
1592 1609 1824 1676 Serenissimus
1843 1613 1960 1680 Erieus

299 1733 468 1798 Danorum
495 1730 683 1795 Succorum
715 1728 890 1815 Norwegie
919 1727 1098 1794 Slsuorum
1128 1727 1365 1814 Gottorumque
1394 1727 1469 1795 Rex
1504 1711 1643 1794 et'Dux
1670 1730 1863 1796 Pomarauie
1898 1741 1959 1798 etc.
2020 1754 2024 1763 ·

299 1850 479 1916 deuocione
507 1857 612 1914 motus
645 1847 888 1913 honorabilibus
915 1848 995 1912 viris
1019 1845 1155 1912 Cantori
1182 1847 1306 1933 totique
1330 1844 1480 1932 capitulo
1510 1847 1648 1912 ecclesie
1678 1857 1789 1913 nostm
1816 1849 1960 1917 Haders·

301 1967 443 2033 lenensis
465 1966 592 2032 liberali
614 1966 701 2032 dono
723 1965 852 2045 dederit
873 1966 1090 2052 assignauerit
1112 1964 1318 2052 deputarerit
1340 1972 1373 2028 ct
1395 1964 1566 2032 dcnaucrit
1587 1966 1741 2053 quicquid
1757 1969 1842 2053 juris
1863 1967 1961 2034 habs-

299 2085 355 2151 bat
384 2095 477 2150 etse
503 2085 624 2150 habere
646 2085 864 2172 pretendebat
893 2086 926 2149 in
949 2084 1090 2150 eeclesia
1111 2063 1222 2170 lisby,
1255 2093 1366 2148 nosue
1390 2083 1614 2168 sleswicensis
1640 2085 1796 2170 diocesis,
1825 2087 1959 2175 Nosque

299 2206 488 2270 auctoritate
518 2203 682 2269 ordinaria
707 2205 742 2269 in
770 2203 890 2270 dictam
918 2203 1131 2268 donacionem
1159 2203 1422 2268 consenserimus
1445 2212 1479 2268 et
1500 2201 1639 2267 eandem
1661 2205 1960 2291 approbarerimus,

299 2332 332 2388 et
365 2323 484 2389 dictam
517 2321 688 2388 ecclesiam
728 2321 814 2388 dioto
848 2321 978 2387 domino
1010 2320 1146 2386 Cantori
1179 2321 1303 2408 totique
1334 2320 1485 2408 Capitnlo
1522 2323 1816 2407 annectauerimus,
1856 2332 1892 2389 ut
1927 2326 1960 2390 in

297 2442 399 2508 literis
431 2441 572 2530 desuper
607 2441 779 2525 coniectis,
811 2462 892 2528 quas
919 2441 972 2506 hic
999 2438 1158 2504 voluimus
1189 2438 1310 2504 habers
1338 2460 1403 2526 pro·
1428 2440 1575 2524 insertis,
1608 2439 1736 2528 plenius
1765 2444 1956 2508 continetur.

298 2560 409 2642 Quare
437 2559 480 2626 ad
507 2559 626 2626 dictam
655 2558 826 2624 ecclesiam
855 2560 1049 2624 instituimus
1078 2556 1301 2623 honorabilem
1329 2559 1450 2639 virum,
1483 2557 1658 2624 Dominum
1680 2560 1839 2626 Tironem
1860 2562 1958 2646 Petri,

299 2677 474 2744 Cantorem
497 2677 575 2744 dicti
597 2676 728 2765 capituli
748 2679 850 2743 nostri
872 2675 1145 2743 Hedersleuensis
1174 2697 1248 2740 cum
1268 2674 1469 2761 plenitudine
1491 2675 1580 2742 Juris
1603 2678 1759 2743 canonici.
1805 2678 1958 2746 Commit-

297 2805 403 2862 tentes
425 2797 531 2863 eidem
552 2796 674 2862 ibidem
697 2818 807 2862 curam
829 2797 1022 2879 animarum,
1052 2792 1246 2860 Mandantes
1275 2793 1381 2859 eidem
1405 2794 1446 2859 de
1470 2793 1618 2860 omnibus
1641 2807 1673 2860 et
1695 2796 1830 2882 singulis
1851 2796 1961 2864 fructi-

296 2914 358 2981 bus
385 2915 566 2982 redditibus
593 2914 806 3003 prouentibus
834 2914 967 2979 decimis
997 2923 1031 2979 et
1059 2910 1282 2978 oblacionibus
1309 2911 1432 2979 ibidem
1453 2915 1583 2979 nomine
1607 2913 1684 2978 dicti
1706 2915 1837 3002 capituli
1858 2918 1960 2982 nostri

298 3042 330 3099 et
356 3034 436 3100 nulli
461 3034 555 3100 alteri
582 3036 709 3120 integre
741 3034 944 3120 responderi.
990 3032 1100 3114 Qnare
1130 3030 1320 3096 mandamus
1347 3030 1443 3097 vobis
1466 3033 1614 3098 omnibus
1638 3041 1670 3097 et
1692 3031 1826 3116 singulis
1849 3021 1959 3120 supra·

297 3152 400 3237 dictis,
423 3154 479 3240 qui
493 3153 699 3240 presentibus
720 3151 820 3217 fueris
838 3152 1012 3239 requisitus
1034 3149 1089 3216 vel
1109 3150 1258 3237 requisiti
1278 3149 1413 3235 fueritis,
1434 3151 1468 3215 iu
1489 3153 1608 3218 virtute
1631 3160 1742 3216 sancte
1766 3150 1956 3218 obediencie

296 3281 329 3336 et
351 3271 411 3336 sub
435 3271 780 3336 excommunicacionis
802 3291 896 3357 pena,
920 3293 1016 3358 quam
1037 3271 1071 3334 in
1091 3291 1152 3335 vos
1176 3278 1209 3333 at
1231 3266 1408 3355 quemlibet
1428 3271 1574 3336 vestrum
1595 3243 1752 3335 canonica
1772 3272 1954 3337 municione

293 3392 454 3478 premissa
481 3389 613 3455 ferimus
640 3391 675 3454 in
702 3389 761 3454 biis
784 3389 930 3475 scriptis,
964 3389 992 3454 si
1012 3409 1079 3452 non
1092 3367 1257 3471 leocritia,
1290 3396 1387 3472 prout
1408 3385 1460 3452 hic
1482 3387 1663 3471 mandatur‚'
1686 3386 1829 3455 districte
1850 3391 1954 3476 preci·

295 3506 432 3594 piendo,
467 3517 625 3595 quatenus
649 3506 769 3572 dictum
790 3507 965 3572 Dominum
988 3505 1146 3572 Twonem
1167 3505 1259 3571 Petri
1286 3506 1320 3570 in
1349 3505 1552 3594 corporalem
1584 3506 1707 3572 realem
1737 3517 1769 3572 et
1796 3507 1957 3572 actualem

294 3627 536 3712 possessionem
558 3627 643 3691 dicte
667 3625 806 3690 ecclesie
828 3624 1004 3708 inducatis,
1039 3633 1073 3688 et
1094 3625 1285 3689 auctoritate
1309 3623 1473 3690 ordinaria
1493 3623 1660 3690 inductum
1682 3624 1874 3692 defendatis.
1918 3627 1957 3692 In

294 3743 388 3809 huius
416 3745 465 3808 rei
492 3745 708 3810 testimonium
737 3741 877 3828 sigillum
903 3751 1048 3807 nostrum
1076 3741 1283 3828 presentibus
1312 3751 1363 3808 est
1394 3764 1585 3830 appensum.
1638 3743 1761 3810 Datum
1789 3753 1821 3810 et
1848 3754 1955 3810 sctum

294 3861 494 3928 Flensborcb
512 3863 571 3928 sub
584 3863 680 3928 Anno
691 3861 823 3927 Domini
833 3861 879 3926 M.
893 3859 1022 3926 0000.
1035 3859 1129 3926 XIX.
1147 3859 1321 3926 undecima
1340 3860 1392 3925 die
1410 3863 1531 3927 mensis
1542 3862 1666 3928 Marcii.
1722 3883 1846 3950 (Regiam
1857 3883 1954 3949 capit)
1974 3915 1981 3932 .

1091 4181 1152 4250 u,

341 4317 644 4406 -Ttyrsroplerreds
669 4315 857 4405 Ticpsvidme
877 4315 1057 4404 commende
1077 4339 1174 4404 uoqen
1194 4315 1347 4381 Erbsdom
1367 4317 1384 4381 i
1401 4316 1576 4404 I‘Jelstrap,
1594 4318 1685 4404 picen
1707 4319 1750 4405 cf
1766 4317 1842 4384 dem
1863 4345 1901 4408 09

679 4433 804 4502 Asdara
829 4435 988 4522 Tampberp
1010 4436 1047 4500 tel
1067 4434 1240 4500 Hederslev
1261 4433 1379 4500 Kc'rlcec
1399 4436 1554 4523 Bypnimp.

1674 4560 1753 4622 imo,
1771 4561 1803 4609 ae
1822 4559 1884 4610 mu.

441 4692 566 4758 Ridder
588 4692 648 4757 och
673 4713 783 4757 swano
804 4689 933 4777 bynder
956 4694 1017 4756 och
1039 4690 1175 4758 bokarle
1199 4691 1260 4756 och
1282 4690 1344 4756 alle
1367 4689 1547 4756 meenhede
1569 4690 1716 4755 bcendcs
1734 4693 1749 4776 j
1773 4690 1951 4780 thyrstorp-

291 4811 422 4877 barath
451 4810 564 4877 Hislse
594 4811 655 4878 och
681 4810 831 4896 kungbre
863 4808 932 4874 tbct
960 4809 1023 4874 alle
1051 4831 1127 4874 meu
1154 4810 1273 4874 tbenne
1302 4809 1393 4874 sorilt
1419 4831 1455 4873 se
1484 4801 1683 4873 elder'hbrs
1705 4807 1807 4893 laesae,
1841 4810 1895 4876 ath
1917 4811 1953 4874 al

291 4953 396 4996 wores
419 4930 514 4996 berre
537 4951 594 4994 aar
614 4928 765 5016 thwsynd
785 4927 1026 5015 lyrehundrsde
1049 4951 1071 4993 a
1092 4927 1161 4994 thet
1181 4927 1321 4992 tiwende
1344 4949 1414 4993 wor
1434 4926 1604 5012 frwedagb
1625 4927 1637 4990 i
1658 4925 1740 4992 faste
1759 4949 1845 5007 ware
1863 4927 1950 4992 skilr-

291 5047 472 5124 redemere
502 5069 556 5113 oss
583 5069 604 5112 a
631 5059 712 5112 wort
737 5046 884 5112 haeraeths
911 5046 1003 5133 thing
1030 5068 1051 5111 a
1078 5067 1146 5112 wor
1175 5046 1254 5112 lrwe
1281 5045 1389 5132 kyrke
1413 5045 1474 5111 och
1497 5045 1662 5132 Capitelcs
1690 5045 1827 5130 wegbue
1850 5047 1865 5132 j
1894 5046 1949 5110 ba-

289 5165 427 5232 therslef
441 5189 483 5231 en
496 5165 689 5231 beskedheu
706 5188 781 5231 man
802 5165 906 5232 haerre
928 5163 1010 5230 nicls
1032 5165 1194 5250 matiscen,
1217 5163 1335 5230 hwilke
1357 5164 1422 5230 fak
1445 5164 1505 5229 och
1526 5164 1608 5229 iram
1631 5163 1689 5229 dro
1713 5171 1768 5228 ent
1788 5161 1848 5232 fult
1870 5163 1949 5228 thin-

290 5307 349 5370 ges
378 5287 483 5351 winne
514 5285 588 5352 with
616 5285 743 5351 thrinne
773 5283 1044 5368 stokkenaeuend‚
1078 5283 1141 5350 dbe
1170 5283 1321 5351 wunnetb
1350 5282 1411 5348 och
1433 5282 1548 5370 tygbet
1570 5306 1589 5348 a
1611 5281 1720 5350 tberes
1742 5303 1860 5364 sanna,
1893 5281 1948 5348 ath
