5002 6418
648 692 670 754 4

607 901 720 958 nostre
740 915 879 958 vnacum
901 890 1015 978 sigillis
1038 893 1170 957 Domini
1191 893 1349 958 Johannis
1372 892 1552 981 Bundyson
1574 903 1607 959 et
1627 895 1784 961 Jobannis
1806 895 1970 980 Laghison
1991 895 2026 960 in
2048 895 2275 959 testimonium

606 1009 811 1099 presentibus
834 1020 908 1076 sunt
937 1032 1093 1098 appensa.
1137 1011 1258 1076 Datum
1280 1013 1376 1076 Anno
1398 1012 1528 1077 Domini
1555 1013 1600 1080 M.
1616 1007 1902 1080 ccufxxxmt.
1933 1013 2095 1078 dominice
2116 1012 2276 1100 proxima

607 1139 683 1216 post
705 1129 790 1194 diem
811 1130 996 1196 Natiuitatis
1017 1128 1107 1194 beati
1128 1129 1286 1194 Johaunis
1309 1131 1459 1218 baptiste.
1883 1151 2043 1218 (Regianum
2061 1148 2201 1217 Capituli.)

673 1285 722 1334 His
741 1285 802 1335 eddi
819 1291 906 1350 potest
923 1301 956 1335 ex
974 1284 1141 1335 collectaneis
1158 1287 1293 1338 Vossisnts
1312 1292 1463 1352 excerptum
1481 1287 1587 1337 alterins
1605 1287 1752 1353 diplomatis
1770 1303 1802 1338 ex
1820 1288 1942 1356 Registro
1961 1287 2087 1354 Capituli:
2105 1289 2206 1352 „1³39,
2231 1287 2275 1336 2⁴·

606 1370 684 1420 Ferte
696 1371 815 1436 proxima
832 1377 892 1423 ante
911 1371 1003 1448 testim]
1022 1372 1134 1421 omnium
1151 1376 1299 1422 sauctorum
1316 1377 1444 1423 testentur
1460 1372 1577 1424 Jacobns
1588 1372 1697 1437 Gmbby
1714 1373 1796 1437 miles,
1813 1373 2091 1436 JacobusNiclaessom
2110 1372 2276 1422 Cristiernns

605 1457 754 1518 Knntsson,
771 1456 911 1508 Micholeus
929 1455 1474 1522 Myndaeliin,NicholausHydrt‚1werus
1492 1457 1613 1522 Grubby,
1631 1458 1766 1508 Jobannes
1784 1458 1977 1525 stanerslrngh:
1995 1459 2124 1526 dominam¹
2142 1441 2275 1507 Gertbrn-

607 1542 674 1604 dem,
696 1541 813 1592 relictam
836 1543 934 1592 domini
950 1542 1079 1593 Johsnnis
1103 1541 1254 1606 bondysson
1276 1543 1363 1592 militis
1387 1548 1414 1592 et
1441 1541 1523 1592 filium
1551 1559 1627 1593 snum
1650 1545 1793 1610 tughonem
1822 1545 1924 1594 nomine
1947 1544 1975 1592 in
1996 1543 2092 1609 placito
2115 1539 2277 1593 Hedersltiff

605 1627 731 1692 Horreth,
758 1627 866 1678 Nicolao
889 1628 1040 1692 Hyllaesson
1062 1643 1139 1678 vnarn
1163 1628 1260 1677 curiam
1281 1629 1309 1677 in
1331 1626 1394 1678 ville
1415 1628 1570 1694 Hecssgger
1591 1631 1712 1680 situatam
1733 1646 1781 1695 pro
1803 1629 1852 1679 XX
1869 1630 1963 1678 marcis
1980 1629 2039 1693 puri
2056 1630 2158 1694 argenti
2174 1629 2274 1694 impig-

605 1715 735 1764 norssse.”
769 1713 843 1775 Haec,
861 1729 939 1778 quum
957 1713 1065 1763 fortasse
1083 1712 1117 1761 ed
1135 1714 1313 1777 possessiones
1331 1719 1424 1778 postea
1441 1713 1474 1763 ed
1493 1714 1633 1779 capitulum
1655 1714 1794 1765 translates
1818 1718 1949 1780 spectent,
1975 1713 2026 1763 hoc
2047 1713 2106 1764 loco
2129 1711 2273 1764 inserenda

607 1814 666 1849 esse
683 1799 810 1850 duximus.
1707 1810 1709 1820 ¹

655 2115 856 2182 Valdemarus
886 2117 953 2182 due
979 2107 1237 2201 Jsuts‘sescarur,
1271 2141 1304 2183 oe
1325 2115 1440 2197 cedmae
1461 2119 1567 2184 lr'teroe
1595 2119 1821 2206 orchtepaiscopi
1838 2118 2017 2184 Mndenm's
2038 2132 2066 2184 et
2087 2118 2228 2204 eprscopc'

741 2236 955 2319 stcsosbonsc'e,
977 2236 1087 2320 quobus
1110 2236 1244 2301 decimm
1265 2238 1398 2302 ecclesie
1418 2237 1507 2302 Aller-
1528 2237 1942 2323 capitulo-Hadcrolevieuei
1960 2237 2131 2322 aom‘quant.

1943 2377 2024 2439 mss,
2042 2377 2076 2425 so
2093 2375 2192 2426 uovsr.

607 2492 714 2558 Vnum
734 2491 862 2557 Vidisse
879 2490 1015 2555 Illustris
1032 2491 1163 2555 Domini
1175 2490 1374 2557 Waldemari
1385 2492 1487 2557 Ducis
1499 2491 1722 2556 sleswicensis
1745 2513 1843 2579 super
1865 2493 2044 2557 donacione
2068 2490 2263 2554 decimarum

1299 2610 1331 2672 in
1353 2608 1455 2675 Aluer
1475 2610 1571 2675 facte.

758 2727 986 2795 Weldemarus
1007 2729 1072 2793 Dei
1098 2727 1210 2812 gracia
1231 2727 1309 2794 Dux
1329 2728 1424 2793 Jucie
1447 2727 1606 2793 Omnibus
1632 2749 1768 2815 presens
1800 2730 1954 2816 scriptum
1984 2727 2261 2793 cernentibussa·

607 2846 705 2912 lutem
727 2849 760 2911 in
782 2847 922 2911 Domino
945 2848 1183 2934 sempiternom.
1227 2845 1385 2912 Nouerint
1407 2847 1559 2931 uniuersi,
1580 2869 1641 2910 nos
1663 2846 1771 2911 literas
1794 2843 2027 2912 venerabilium
2049 2855 2177 2932 patrum
2195 2845 2258 2909 Do-

606 2967 763 3032 minorum
786 2966 907 3050 Esgeri
936 2964 1099 3051 quondam
1121 2963 1366 3052 Archiepiscopi
1387 2963 1571 3030 Lundcnsis
1600 2975 1633 3028 et
1658 2965 1815 3030 Johannis
1844 2965 2000 3052 Episcopi
2030 2963 2259 3044 sleswicensis,

605 3107 671 3150 non
694 3084 905 3167 cancellatas,
926 3105 991 3148 non
1013 3083 1167 3168 abolitas,
1188 3103 1250 3148 nec
1271 3085 1305 3146 in
1328 3082 1436 3170 aliqua
1457 3083 1506 3147 sui
1528 3093 1620 3170 parte
1641 3084 1791 3166 violatas,
1821 3083 1881 3148 sub
1904 3085 1991 3147 veris
2014 3081 2126 3169 sigillis
2150 3103 2260 3146 eorun-

607 3204 681 3270 dem
703 3189 824 3269 vidisse
848 3213 881 3268 et
902 3202 1075 3286 audiuIsse‚
1096 3212 1253 3286 tenorem,
1276 3203 1330 3288 qui
1354 3203 1507 3289 sequitur,
1530 3201 1571 3267 de
1594 3200 1696 3267 verbo
1719 3201 1920 3266 adverbum
1943 3201 2156 3266 continentes.

757 3322 926 3387 Vniuersis
954 3331 1124 3408 presentes
1152 3320 1263 3385 literas
1292 3322 1484 3407 inspecturis
1507 3321 1653 3405 Esgerus
1681 3321 1895 3407 permissione
1923 3319 2034 3384 diuina
2055 3328 2117 3384 etc.
2139 3318 2257 3383 Datum

606 3441 696 3528 Ripis
718 3441 814 3505 Anno
837 3440 969 3505 Domini
990 3440 1034 3506 M.
1048 3439 1146 3505 000.
1159 3439 1252 3504 ΧΧΙ.
1275 3441 1308 3504 in
1332 3448 1447 3504 octaua
1470 3440 1668 3504 ascensionis
1690 3439 1831 3502 Domini.

755 3559 792 3624 ln
815 3581 951 3645 quorum
974 3559 1114 3622 omnium
1138 3556 1340 3622 euidenciam
1367 3567 1537 3644 presentes
1566 3556 1676 3622 literas
1699 3555 1803 3641 sigillo
1830 3564 1941 3620 nostro
1964 3556 2099 3620 fecimus
2122 3543 2259 3620 commu·

606 3679 677 3743 niri.
721 3678 842 3742 Datum
864 3675 1064 3740 Flensborch
1086 3677 1182 3741 Anno
1205 3675 1338 3740 Domini
1359 3675 1402 3739 M.
1418 3675 1517 3740 000.
1530 3675 1705 3740 XXXIIII.
1733 3676 1765 3739 in
1795 3674 1880 3740 festo
1904 3675 2008 3738 sancti
2029 3672 2163 3739 Andree
2187 3695 2261 3760 apo-

607 3794 690 3880 stoli,
710 3794 916 3881 presentibus
938 3795 1078 3859 Domino
1104 3795 1248 3860 strimacr
1271 3793 1312 3856 de
1335 3793 1490 3858 Rantzow
1512 3793 1626 3876 milite,
1658 3793 1815 3879 Eghardo
1845 3792 1886 3858 de
1909 3790 2106 3880 Alwelstorp
2130 3814 2169 3856 ac
2192 3791 2259 3856 eliis

605 3912 751 4001 pluribus
773 3913 958 3997 fidedignis.
1953 3931 2077 3998 (Regiae.
2095 3930 2196 3996 eupit)

673 4069 816 4119 thererum
839 4069 1028 4134 archiepiscopi
1051 4069 1106 4117 hsec
1131 4073 1230 4118 tantum
1248 4073 1350 4118 exstent
1367 4069 1393 4116 in
1411 4068 1564 4135 apogrspho
1583 4068 1816 4144 Langebeckiano,
1834 4067 1881 4119 ssd
1899 4067 2040 4118 ostendunt
2064 4082 2159 4117 mnnm
2183 4066 2259 4132 hujus

607 4154 753 4205 donationis
770 4169 868 4203 rerum.

1425 4424 1456 4477 3.

649 4559 848 4622 Hermamtus
869 4559 1029 4644 episcopeo
1052 4555 1250 4622 summae
1270 4554 1411 4621 reddisse
1432 4557 1579 4622 aberium
1601 4555 1793 4642 qrsoruodom
1815 4556 1946 4642 capitulo
1969 4553 2222 4646 Hederelemerser

1360 4677 1509 4762 αειιῂιιαι.

1971 4795 2050 4859 serr,
2066 4795 2099 4844 an
2116 4795 2197 4844 June.

608 4931 719 4996 Litera
752 4929 939 4996 donacionis
973 4942 1006 4997 et
1037 4933 1164 4997 unionis
1199 4954 1239 4997 ac
1270 4933 1545 5017 incorporaeionis
1571 4930 1729 4996 Altarium
1762 4930 1829 4996 scil.
1858 4931 1955 4995 beate
1984 4930 2086 4994 Maris
2119 4930 2262 5014 virginis,

810 5059 994 5114 sanctorum
1016 5049 1118 5134 Petri,
1141 5051 1289 5135 Andree,
1310 5048 1426 5115 Jacobi
1449 5049 1682 5136 apostolorum,
1706 5049 1821 5115 Crucis
1843 5059 1876 5114 et
1897 5031 2071 5120 Katerine.

761 5169 931 5233 Vniuersis
946 5177 1116 5256 presentes
1134 5167 1245 5233 literas
1262 5167 1418 5234 audituris
1441 5189 1497 5234 seu
1514 5169 1631 5233 visuris
1650 5167 1856 5234 Hermannus
1875 5169 1946 5253 (sic)
1965 5167 2018 5232 dei
2036 5175 2068 5230 et
2083 5164 2260 5252 apostolice

608 5287 697 5351 sedis
719 5288 830 5371 gracia
852 5279 1034 5374 Episcopus
1063 5285 1285 5352 sleswicensis
1318 5285 1454 5353 salutem
1482 5286 1515 5350 in
1545 5285 1674 5353 domino
1704 5288 1942 5373 sempiternam.
1999 5285 2092 5349 Licet
2114 5283 2262 5349 omnibus
