5242 6414
1459 691 1495 756 18

635 892 757 980 jnclitis
784 891 983 979 principibus
1020 893 1089 957 deis
1126 893 1336 960 Wsldemaro
1374 894 1488 959 eadem
1522 895 1634 979 gracia
1668 905 1701 961 et
1727 895 1860 961 Hinrico
1894 893 1961 958 filio
1994 913 2052 957 suo
2088 890 2223 956 ducibus
2255 889 2305 955 lu·

642 1013 710 1095 cie,
743 1009 983 1076 venerabilibus
1006 1009 1151 1098 patribus
1188 1033 1227 1076 ao
1259 1012 1329 1077 duis
1363 1013 1539 1099 episcopis,
1572 1013 1740 1097 militibus,
1770 1012 1960 1077 militaribus
1995 1011 2177 1096 ceterisque
2210 1009 2303 1093 regdi

643 1130 747 1195 nostri
766 1129 871 1194 Dacis
900 1131 1126 1195 communitate
1164 1141 1197 1196 et
1223 1131 1337 1196 incolis
1364 1133 1576 1218 infrascriptis
1603 1131 1785 1219 specialiter
1817 1132 1851 1196 in
1873 1129 2132 1213 Kalundeborgh
2161 1126 2305 1193 celebra-

641 1250 762 1332 uimus,
793 1257 830 1312 vt
857 1269 993 1332 regnum
1021 1256 1165 1312 nostrum
1178 1249 1282 1314 Dacis
1309 1249 1417 1336 vigori
1443 1259 1477 1316 et
1504 1251 1731 1316 reformacioni
1758 1249 1884 1315 meliori
1912 1248 2079 1332 subsistat,
2108 1254 2305 1334 cooperante

642 1368 754 1452 gracia
775 1365 905 1452 spiritus
927 1365 1140 1452 septiformis,
1163 1369 1238 1453 quia
1264 1369 1366 1456 ipsius
1394 1369 1524 1455 spiritus
1555 1371 1657 1434 sancti
1677 1369 1761 1434 festo
1783 1367 1966 1434 huiusmodi
1987 1375 2121 1450 statuta,
2143 1363 2307 1429 handfcst·

641 1486 755 1572 nyngh
785 1495 817 1550 et
845 1483 978 1549 decreta
1007 1487 1185 1571 composita
1213 1496 1287 1552 sunt
1315 1495 1347 1551 et
1375 1489 1527 1552 sanccita.
1570 1487 1613 1552 dn
1643 1489 1754 1574 primis
1783 1488 1998 1574 promittimus
2023 1483 2083 1550 sub
2106 1485 2172 1548 fide
2194 1492 2307 1547 nostra

642 1605 735 1689 regia
762 1611 795 1668 et
822 1600 907 1668 filins
934 1613 1046 1668 noster
1075 1602 1272 1668 Cristoiorus
1299 1604 1466 1691 predictus
1496 1627 1608 1671 omnes
1636 1605 1788 1672 articulos
1817 1605 2039 1691 infrascriptos
2068 1603 2179 1668 firmos
2208 1609 2241 1665 ot
2262 1601 2308 1663 in-

644 1721 813 1788 uiolabiles
842 1721 1030 1787 obseruare.
1085 1721 1193 1787 Primo
1221 1745 1333 1788 omnes
1355 1733 1461 1808 terre,
1493 1717 1596 1811 regno
1619 1725 1722 1790 Dacie
1744 1748 1829 1790 nunc
1851 1723 2038 1789 adiacentes
2061 1723 2129 1784 siue
2152 1720 2304 1805 imposte·
2338 1734 2354 1772 ¹·

643 1864 724 1923 rum,
748 1839 811 1904 deo
835 1839 942 1925 dante,
965 1840 1176 1928 acquirende,
1198 1841 1326 1928 legibus
1349 1853 1381 1908 et
1400 1843 1523 1908 iuribus
1546 1845 1621 1928 suis,
1643 1855 1739 1931 prout
1760 1845 1793 1909 in
1815 1842 1901 1906 veris
1923 1841 2062 1926 antiquis
2085 1837 2175 1904 libris
2198 1835 2309 1922 legali-

644 1959 707 2026 bus
729 1961 928 2042 continetur,
957 1958 1059 2024 libere
1081 1961 1128 2024 vti
1151 1959 1306 2046 debeant,
1339 1969 1436 2048 prout
1458 1983 1477 2026 a
1498 1972 1645 2049 tempore
1674 1963 1763 2047 regis
1786 1959 1986 2028 Waldemari
2014 1967 2047 2022 et
2074 1957 2208 2022 aliorum
2235 1977 2309 2042 pro·

645 2079 829 2162 genitorum
846 2087 1040 2162 nostrorum,
1061 2079 1164 2143 felicis
1181 2080 1432 2164 recordacionis,
1454 2078 1587 2145 liberius
1610 2091 1642 2146 et
1664 2079 1778 2144 melius
1796 2079 1919 2166 perfrui
1936 2085 2185 2142 consueuerant.
2218 2074 2305 2140 Jtem
2338 2087 2357 2128 ²-

647 2196 700 2260 dei
723 2194 950 2263 Waldemarus
979 2205 1011 2260 et
1038 2196 1190 2262 Hinrious
1217 2198 1301 2264 filius
1330 2221 1406 2264 suus
1435 2198 1574 2286 predicti
1601 2183 1700 2264 duces
1728 2199 1816 2264 Iucie
1845 2219 1885 2261 so
1913 2217 2024 2260 eorum
2047 2193 2186 2259 heredes
2210 2191 2311 2256 omni-

647 2313 709 2379 bus
730 2312 853 2378 iuribus
882 2314 948 2378 suis
970 2313 1073 2379 libere
1104 2325 1136 2380 et
1163 2315 1249 2382 bene
1270 2319 1318 2382 vti
1341 2317 1498 2402 debeant,
1525 2327 1622 2404 prout
1644 2317 1761 2405 aliquis
1784 2317 1902 2381 ducum
1923 2315 2011 2380 lucie
2034 2315 2081 2380 eis
2104 2313 2155 2376 vsi
2176 2309 2310 2374 liberius

647 2441 680 2497 et
707 2431 821 2496 melius
855 2431 985 2498 fuerant
1018 2433 1059 2498 ab
1087 2437 1230 2521 antiquo.
1284 2435 1372 2501 Jtem
1394 2436 1498 2522 jidom
1526 2437 1579 2500 dni
1608 2437 1708 2501 duces
1735 2436 1924 2522 promittunt
1951 2430 2146 2514 bonafide,
2179 2438 2215 2494 vt
2236 2449 2308 2516 per·
2340 2440 2359 2482 t

648 2553 790 2636 nitunt,
817 2550 964 2616 homines
998 2573 1074 2617 suos
1099 2561 1132 2618 et
1163 2553 1285 2618 incolas
1315 2555 1364 2618 sui
1393 2554 1523 2641 dominij
1552 2556 1723 2620 vniuersos
1754 2554 1856 2620 libere
1886 2561 1919 2618 ct
1948 2551 2033 2617 bene
2063 2550 2211 2614 omuibus
2240 2548 2305 2612 suis

646 2669 769 2734 iuribus
798 2669 855 2753 vti,
885 2670 968 2736 sicut
991 2669 1107 2757 aliquis
1129 2673 1373 2757 progenitorum
1398 2693 1530 2736 suorum
1551 2672 1733 2740 hominibus
1756 2676 1822 2738 suis
1847 2681 1880 2737 et
1899 2670 2013 2736 incolis
2036 2649 2169 2735 liberius
2191 2677 2224 2732 et
2245 2687 2310 2730 me·

645 2789 708 2854 lius
740 2788 787 2852 vti
813 2789 1005 2874 permiserat
1035 2799 1068 2854 et
1095 2789 1257 2874 gaudere,
1289 2813 1328 2856 ac
1354 2791 1502 2856 homines
1525 2792 1703 2857 eorundem
1727 2792 1844 2857 ducum
1866 2791 1993 2856 adhoc
2016 2791 2079 2855 sint
2101 2785 2308 2852 coadiutores

648 2907 809 2991 efficaces,
833 2905 920 2994 quod
937 2905 1043 2992 jidom
1065 2907 1165 2974 duces
1187 2931 1226 2974 ac
1249 2931 1360 2976 eorum
1382 2909 1522 2975 heredes
1540 2911 1606 2976 suis
1623 2910 1745 2976 iuribus
1767 2909 1869 2975 libere
1893 2919 1926 2975 et
1947 2907 2031 2974 bene
2054 2905 2228 2993 gaudeant,
2251 2905 2310 2968 sie·

579 3071 589 3092 .
645 3027 693 3092 uti
714 3025 940 3112 progenitores
963 3025 1141 3092 eorundem
1163 3028 1280 3093 ducum
1304 3028 1418 3094 mellus
1442 3038 1475 3094 et
1497 3027 1630 3094 vberius
1650 3030 1697 3094 vti
1714 3037 1952 3094 consueuerant
1968 3026 2010 3092 ab
2033 3027 2175 3110 antiquo.
2218 3021 2307 3088 Jtem
2341 3029 2360 3070 ⁴

649 3143 784 3231 quilibet
811 3145 1037 3230 episcoporum
1064 3146 1098 3210 in
1127 3168 1230 3231 regno
1259 3146 1362 3212 Dacis
1384 3147 1507 3213 iuribus
1531 3158 1564 3214 et
1585 3147 1789 3213 libertatibus
1814 3148 1879 3211 suis
1901 3146 2004 3210 libere
2028 3155 2061 3210 et
2083 3143 2167 3208 bene
2190 3141 2312 3227 gaude·

648 3261 706 3348 bit,
729 3270 826 3350 prout
848 3284 960 3327 eorum
981 3263 1235 3350 predecessores
1258 3267 1323 3331 suis
1344 3266 1469 3332 iuribus
1492 3277 1525 3332 et
1546 3265 1749 3332 libertatibus
1769 3268 1819 3331 vsi
1838 3264 1970 3330 liberius
1994 3272 2026 3328 et
2047 3261 2162 3326 melius
2185 3261 2313 3324 fuerant

652 3379 860 3466 abantiquo.
903 3381 991 3447 Jtem
1015 3383 1042 3448 si
1069 3382 1185 3470 aliquis
1214 3385 1440 3472 episcoporum
1468 3386 1562 3470 regui
1590 3384 1693 3450 Dacis
1715 3405 1862 3472 pronuno
1883 3405 1949 3447 non
1970 3403 2107 3468 presens
2130 3378 2312 3446 huiusmodi
2344 3387 2363 3426 δ·

652 3502 779 3566 statutis
802 3509 835 3564 et
860 3497 1062 3565 libertatibus
1083 3505 1129 3566 vti
1152 3502 1327 3587 volueriut,
1355 3505 1433 3589 jpsa
1463 3513 1583 3569 statuta
1610 3514 1644 3568 et
1665 3501 1927 3590 haudfestnyngh
1949 3499 2110 3565 ratificare
2135 3496 2256 3563 debeat
2279 3505 2311 3561 et

651 3640 709 3684 suo
733 3617 838 3703 sigillo
861 3639 926 3681 rna
946 3617 1116 3684 nobiscum
1137 3619 1304 3686 roborare.
1347 3621 1435 3686 Jtem
1458 3624 1485 3685 si
1512 3622 1619 3709 alique
1647 3630 1734 3708 terre
1762 3643 1821 3685 sen
1843 3619 1983 3684 dominia
2005 3641 2107 3706 regno
2131 3627 2164 3682 et
2187 3637 2306 3681 corone
2341 3625 2362 3667 ⁶·

650 3735 755 3801 Decio
778 3735 901 3823 acquiri
925 3737 1135 3823 imposterum
1157 3740 1299 3826 poterint
1320 3738 1566 3826 quoquomodo,
1589 3750 1622 3805 et
1644 3741 1671 3803 si
1692 3742 1834 3826 ipsarum
1857 3749 2017 3803 terrarum
2039 3748 2072 3803 et
2094 3736 2309 3801 dominiorum

652 3853 757 3919 incole
786 3855 864 3941 ipsis
894 3859 1020 3920 statutis
1043 3866 1077 3920 et
1097 3855 1377 3943 handfestnyngb,
1408 3857 1530 3924 iuribus
1553 3868 1586 3924 et
1613 3858 1815 3924 libertatibus
1842 3856 1943 3922 libere
1967 3865 2000 3921 et
2020 3857 2166 3942 perlecto
2191 3855 2238 3919 vti
2261 3853 2316 3917 de·

654 3973 833 4056 creuerint,
867 3983 986 4038 extunc
1009 3975 1081 4061 ipsa
1103 3984 1222 4040 statuta
1244 3985 1277 4040 et
1298 3975 1562 4063 handlestnyngh
1585 3999 1649 4042 vna
1670 3976 1838 4042 nobiscum
1862 3998 1992 4041 suorum
2014 3975 2193 4061 sigillorum
2216 3993 2316 4060 appo·
2339 4011 2342 4022 ·

654 4091 776 4154 sicione
799 4089 1008 4157 roborabunt.
1042 4093 1130 4159 Jtem
1153 4092 1302 4180 capitula,
1324 4097 1529 4180 monasteria,
1553 4095 1701 4180 ecclesie,
1725 4095 1944 4160 ecclesiastice
1962 4115 2114 4182 persone,
2135 4091 2178 4157 ad
2200 4111 2312 4156 sacros
2345 4105 2364 4146 t·

655 4207 785 4272 ordines
808 4221 873 4273 tam
895 4211 1035 4276 maiores
1059 4234 1156 4300 quam
1177 4213 1318 4278 minores
1341 4213 1506 4298 ordinate,
1530 4199 1656 4279 iuribus
1679 4223 1711 4280 et
1732 4213 1935 4280 libertatibus
1959 4215 2025 4278 suis
2047 4212 2150 4277 libere
2173 4218 2206 4275 et
2227 4208 2313 4273 bene

654 4326 858 4413 gaudebunt,
890 4339 986 4415 prout
1013 4329 1146 4396 liberius
1170 4341 1203 4397 et
1232 4331 1346 4397 melius
1373 4333 1419 4398 vti
1447 4341 1690 4400 consueuerant.
1705 4332 1747 4397 ab
1770 4335 1913 4420 antiquo.
1956 4333 2044 4398 Jtem
2066 4330 2200 4412 milites,
2232 4326 2312 4392 mili-
2345 4343 2366 4384 a

655 4455 758 4530 taras,
781 4445 927 4531 domine,
949 4449 1108 4534 virgines,
1130 4461 1344 4535 mercatores,
1366 4451 1526 4539 hospites,
1547 4451 1733 4536 bondones,
1757 4459 1789 4517 et
1810 4451 1921 4516 rustici
1943 4451 2082 4537 antiquis
2105 4449 2171 4512 suis
2194 4446 2317 4512 iuribus

654 4563 758 4629 libere
779 4574 811 4630 et
822 4565 907 4631 bene
924 4577 1063 4651 utentur,
1086 4568 1179 4633 sicuti
1195 4567 1328 4636 liberius
1347 4578 1379 4634 et
1390 4571 1504 4636 melius
1518 4570 1706 4636 vsifuerant
1717 4570 1758 4635 ab
1771 4571 1912 4657 antiquo.
1945 4567 2151 4635 Jtem'nullus
2164 4568 2196 4630 in
2209 4585 2312 4650 regno
2346 4583 2364 4624 s.

655 4693 767 4748 nostro
790 4685 893 4750 Dacis
922 4685 1137 4772 captiuabitur
1163 4690 1225 4753 nisi
1251 4690 1285 4754 in
1312 4689 1436 4754 recenti
1465 4691 1610 4754 facinore
1636 4699 1786 4775 repertus
1813 4687 1867 4752 vel
1895 4709 1993 4775 super
2022 4687 2083 4752 hoc
2105 4684 2255 4772 legaliter
2277 4683 2319 4748 sit

656 4803 834 4867 conuictus.
873 4803 959 4869 Jtem
985 4804 1025 4869 de
1049 4807 1202 4872 concordi
1225 4807 1358 4872 consilio
1382 4818 1414 4874 et
1434 4809 1577 4872 vuanimi
1599 4829 1761 4872 consensu
1783 4806 1951 4894 pociorum
1972 4807 2067 4891 regni
2087 4806 2190 4870 nostri
2207 4801 2309 4868 Dacis
2329 4821 2358 4864 ro

657 4920 886 5006 ordinauimus,
908 4922 997 5010 quod
1016 4923 1268 5011 perlsmentum,
1301 4926 1389 5014 quod
1417 4927 1562 4993 danehol
1581 4925 1707 5009 dicitur,
1729 4926 1894 5012 inprimis
1917 4925 2019 4990 tribus
2042 4924 2135 4988 aunis
2157 4921 2315 5009 proximis

657 5047 691 5102 et
712 5039 861 5108 continue
884 5039 1158 5130 subsequentibus
1181 5045 1213 5108 in
1226 5044 1462 5131 Kalandborgh
1481 5045 1673 5129 celebretur,
1696 5055 1730 5110 et
1750 5043 1812 5108 illis
1831 5042 1934 5107 tribus
1956 5043 2048 5107 annis
2071 5040 2190 5127 elapsis
2212 5039 2318 5124 ipsum

658 5157 892 5244 perlsmentum
914 5160 947 5224 in
969 5160 1128 5248 Nyborgh
1150 5165 1313 5228 annuatim
1336 5167 1368 5229 in
1392 5165 1445 5230 die
1467 5163 1643 5230 natiuitatis
1673 5162 1758 5228 beati
1779 5161 1937 5228 lobannis
1959 5159 2100 5248 baptiste
2123 5157 2318 5239 celebretur,

657 5285 753 5362 prout
774 5279 947 5366 antiquitus
971 5289 1021 5346 est
1042 5291 1241 5348 consuetum.
1284 5284 1373 5350 Jtem
1394 5285 1422 5348 si
1445 5285 1517 5372 quis
1544 5283 1683 5371 aliquem
1705 5283 1831 5369 inipso
1852 5280 2053 5369 pedamento
2076 5276 2221 5344 danehoi
2239 5295 2313 5340 eou-
2327 5275 2369 5344 ra'
