5242 6414
1442 631 1463 700 6

622 843 711 921 sunt,
732 833 856 901 litteras
882 833 1103 921 impetrauerit
1126 835 1231 900 minus
1253 836 1336 900 iusta
1343 837 1376 920 ,¹
1408 833 1554 900 bondeni
1579 843 1647 900 tres
1680 855 1807 900 marcas
1834 841 1868 900 et
1889 832 2034 900 similiter
2061 833 2133 919 regi
2160 839 2283 898 tantum

622 956 737 1021 soluat
782 953 1011 1020 Ordinauimus
1042 952 1076 1016 in
1104 974 1202 1040 super
1228 961 1262 1020 et
1289 954 1503 1042 promittimus
1524 952 1660 1018 firmiter
1685 951 1913 1040 legesregis'
1942 950 2144 1019 Waldemari
2165 949 2279 1016 clare⁸
2311 963 2334 1004 ⁸·

621 1073 777 1140 memorie
810 1093 870 1160 pro
905 1080 941 1137 ut
967 1072 1006 1136 -in
1033 1070 1124 1136 libris
1158 1073 1224 1138 suis
1265 1070 1426 1158 legalibus
1457 1071 1662 1137 continentur
1688 1069 1918 1136 inuiolabiliter
1944 1069 2138 1155 obseruare,
2171 1091 2283 1135 omnes

622 1194 796 1260 abusiones
819 1199 852 1256 et
873 1189 1113 1256 dissuetudines
1139 1199 1252 1256 contra
1272 1188 1366 1276 leges
1387 1187 1475 1254 nr'e⁴
1501 1189 1700 1256 introductas
1727 1191 1856 1276 penitus
1882 1191 1916 1254 in
1942 1189 2067 1254 irritum
2088 1197 2282 1254 reuocantes

622 1331 781 1399 expresse
804 1318 836 1374 et
856 1309 1012 1396 precipue
1031 1308 1264 1396 infrascriptos.
1308 1308 1417 1374 Primo
1440 1306 1528 1395 quod
1548 1308 1701 1374 uiotualia
1722 1318 1843 1392 nostra,
1865 1307 1978 1373 uxoris
1998 1308 2143 1391 nostre⁵,
2164 1327 2283 1394 puero-

622 1453 694 1497 rum
714 1436 899 1495 nostrorum
921 1436 955 1493 et
976 1425 1112 1513 dapiferi
1134 1428 1237 1492 nostri
1259 1425 1440 1514 plaustrare
1462 1448 1528 1491 non
1550 1427 1719 1494 debeant⁰
1746 1425 1831 1492 ultra
1852 1427 1969 1492 limites
1992 1426 2041 1490 sui
2061 1424 2227 1511 haeraeth',
2250 1434 2283 1492 et

623 1550 806 1638 quicunque
834 1547 868 1610 in
894 1544 1105 1632 plaustraudo
1134 1543 1308 1629 defecerit,
1342 1545 1487 1610 officialis
1516 1545 1676 1612 conducet
1703 1544 1900 1633 plaustrum,
1932 1553 1966 1610 et
1993 1543 2148 1610 deficiens
2178 1545 2282 1610 soluat

622 1669 768 1757 precium
790 1688 862 1732 cum
884 1663 986 1730 tribus
1008 1664 1137 1729 marcis.
1180 1664 1294 1729 Jtcm⁸
1321 1662 1409 1750 quod
1435 1673 1580 1730 nostrum
1603 1663 1827 1730 stuthaehorn⁹
1852 1667 1885 1729 in
1906 1664 1991 1730 festo
2018 1664 2122 1730 sancti
2143 1663 2276 1730 Andros
2312 1689 2332 1730 a

623 1784 800 1853 secundum
823 1781 1089 1849 consuetudinem
1111 1783 1279 1869 prouincia
1302 1781 1473 1848 cuiuslibet
1485 1785 1511 1825 ¹⁰
1533 1782 1729 1849 exsoluetur.
1767 1782 1855 1848 Jtem
1876 1782 2046 1848 bondones
2068 1803 2135 1847 non
2158 1781 2278 1846 debent
2312 1807 2332 1849 r.

624 1904 775 1992 compelli
796 1901 840 1968 ad
851 1902 876 1942 ¹¹
906 1899 1121 1966 edificandum
1148 1899 1203 1965 uel
1225 1899 1442 1988 reparandum
1465 1903 1569 1966 curias
1591 1901 1766 1986 nostras¹⁹,
1793 1901 1981 1967 molendina
1991 1903 2017 1942 ¹⁸
2038 1900 2092 1966 nal
2113 1900 2193 1986 alia,
2220 1922 2283 1966 nec

624 2025 726 2090 eciam
748 2029 856 2088 castra
877 2020 940 2084 nisi
958 2019 992 2083 in
1010 2027 1157 2107 tempore
1175 2020 1390 2102 necessitatis,
1413 2029 1463 2086 set
1479 2021 1512 2084 in
1529 2020 1578 2085 his
1594 2019 1724 2102 faciant,
1742 2019 1920 2085 secundum
1938 2018 2026 2107 quod
2043 2031 2283 2086 consuaserunt

622 2152 770 2230 tempore
798 2139 925 2225 regis¹⁴
951 2136 1162 2204 Waldemari.
1216 2137 1290 2203 Non
1320 2135 1441 2204 debent
1468 2138 1618 2226 compelli
1630 2139 1657 2182 ¹⁵
1688 2137 1731 2204 ad
1759 2138 1900 2204 dandum
1931 2159 2066 2204 anseres
2094 2139 2148 2204 uel
2174 2139 2279 2226 pullos
2312 2163 2333 2206 a

624 2270 680 2327 aut
705 2259 821 2326 talia¹⁰
851 2256 938 2322 dona
959 2256 1002 2322 ad
1026 2278 1172 2321 mensam
1193 2258 1298 2342 regis,
1331 2259 1477 2345 exceptis
1504 2256 1569 2342 his,
1599 2257 1654 2345 qui
1665 2259 1690 2300 ¹⁷
1718 2267 1958 2324 consueucrunt
1986 2267 2133 2344 temporo
2155 2260 2284 2345 regis¹⁸

624 2377 835 2447 waldemari.
858 2385 909 2442 set
930 2396 989 2462 pro
1013 2374 1098 2440 dono
1120 2374 1175 2440 uel
1196 2377 1298 2461 gratis
1319 2377 1386 2463 peti
1403 2383 1548 2462 possunt.
1590 2375 1679 2442 Jtem
1701 2376 1821 2442 licitum
1843 2378 1884 2442 sit
1901 2376 2108 2444 bondonibus
2130 2379 2278 2466 proprias
2312 2401 2334 2442 a

624 2509 728 2565 terras
749 2494 943 2561 habentibus
965 2493 1188 2560 uilicacioncm
1211 2492 1346 2559 aliorum
1369 2496 1543 2578 sumers¹⁹,
1570 2495 1616 2559 ita
1638 2494 1725 2582 quod
1748 2494 1789 2561 de
1811 2495 1905 2561 bonis
1928 2499 1994 2561 suis
2015 2498 2087 2562 iura
2107 2497 2200 2582 regia
2221 2496 2283 2562 sol·

624 2625 712 2683 nant.
755 2615 843 2680 dtem
865 2633 931 2678 non
959 2611 1116 2678 debemus
1146 2611 1299 2678 edificare
1326 2614 1359 2678 in
1386 2613 1487 2678 hundo
1509 2612 1615 2678 alieno
1636 2613 1699 2678 nisi
1721 2613 1762 2678 de
1785 2613 1949 2681 uoluntate
1973 2622 2006 2680 et
2027 2636 2190 2681 consensu
2211 2637 2284 2704 pos·
2301 2637 2334 2678 ru

625 2716 774 2802 sessoris.
821 2731 910 2798 Jtem
937 2729 1092 2796 officiales
1121 2731 1222 2796 nostri
1250 2754 1317 2797 non
1345 2729 1466 2797 debent
1492 2733 1592 2797 citare
1621 2732 1762 2820 aliquem
1795 2733 1857 2798 nisi
1890 2732 1933 2798 ad
1966 2741 2051 2800 iusta
2076 2735 2197 2821 placita
2221 2755 2283 2799 nec
2302 2758 2333 2797 n.

626 2876 736 2920 coram
758 2873 804 2917 se.
837 2851 925 2916 Jtem
944 2870 1056 2914 omncs
1073 2847 1179 2915 littera
1196 2859 1345 2938 patentes
1363 2857 1397 2916 et
1413 2848 1585 2938 priuilegia
1601 2861 1714 2917 nostra
1730 2852 1764 2916 iu
1783 2873 1841 2918 suo
1863 2851 1981 2917 robore
2004 2861 2165 2937 maneant,
2186 2851 2286 2917 nisi²⁰
2302 2875 2334 2918 ra

624 2973 658 3038 in
685 2971 885 3060 perlamento
920 2967 1040 3034 doecre
1067 2969 1259 3056 poterimus,
1294 2967 1383 3055 quod
1411 2972 1474 3035 sint
1502 2971 1617 3035 merito
1646 2965 1842 3036 reuocanda.
1890 2970 1979 3036 Jtem
2006 2991 2072 3036 non
2101 2969 2200 3037 debet
2230 2970 2285 3036 ali·
2304 2996 2335 3036 ra

626 3089 735 3179 quis⁹¹
758 3097 877 3154 terram
900 3109 991 3152 suam
1013 3087 1170 3171 amittere,
1193 3087 1255 3152 nisi
1275 3110 1335 3175 pro
1359 3090 1491 3153 crimine
1512 3086 1581 3153 lese
1603 3089 1780 3154 maiestatis
1802 3089 1969 3155 conuictus
1991 3090 2088 3154 fuerit
2109 3110 2181 3154 oum
2204 3091 2286 3155 iura-

625 3215 735 3274 mento
758 3206 800 3271 de
822 3203 1014 3290 worthoel²⁹,
1037 3227 1115 3271 casu
1138 3208 1286 3293 superius
1309 3207 1474 3296 expedito.
1517 3207 1605 3274 Jtem
1632 3207 1673 3272 de
1696 3206 1900 3292 naufragium
1926 3208 2032 3294 passis
2059 3207 2207 3274 uolumus
2230 3207 2286 3273 ob·
2303 3235 2337 3276 u.

626 3347 777 3410 seruare,
805 3323 893 3412 quod
915 3327 948 3390 in
969 3323 1061 3390 libris
1082 3323 1242 3409 legalibus
1272 3327 1463 3392 continetur.
1505 3326 1594 3391 Jtem
1615 3325 1849 3392 mercatoribus
1880 3349 2017 3412 regnum
2044 3335 2190 3392 nostrum
2211 3328 2287 3393 nisi·
2303 3353 2336 3395 u.

627 3443 768 3510 tentibus
791 3452 824 3508 et
844 3442 963 3508 nostris
985 3444 1126 3532 proprijs
1148 3442 1236 3510 nulla
1264 3466 1351 3509 noua
1371 3445 1561 3530 grauamina
1586 3445 1709 3532 imponi
1730 3443 1867 3530 debent,
1897 3455 1947 3510 set
1973 3446 2020 3510 uti
2043 3444 2165 3511 debent
2192 3444 2287 3511 liber·

626 3562 756 3648 tatibus,
779 3583 859 3649 quas
880 3559 1003 3626 habere
1028 3571 1266 3627 consueuerant
1287 3561 1329 3627 ab
1352 3563 1499 3650 antiqno,
1522 3562 1809 3630 consuetudinibus
1833 3562 2067 3648 nichilominus,
2090 3585 2158 3651 que
2177 3562 2287 3629 obser-

626 3689 743 3748 uantur
764 3680 967 3765 iuScandtir,
988 3681 1022 3744 in
1042 3700 1100 3744 suo
1119 3678 1239 3745 robore
1258 3680 1429 3745 duraturis.
1472 3680 1561 3745 Jtem
1583 3681 1609 3745 si
1629 3680 1745 3769 aliquis
1767 3704 1827 3747 nos
1849 3682 2004 3768 impetere
2026 3681 2166 3748 uoluerit
2187 3704 2286 3770 super
2303 3707 2337 3748 sa

626 3797 722 3865 honis
743 3796 904 3885 aliquibus
925 3807 1080 3885 tanquam
1103 3799 1268 3884 occupatis
1290 3797 1417 3881 iniuste,
1445 3821 1543 3884 super
1569 3798 1632 3864 hoe
1655 3801 1810 3866 stabimus
1833 3801 1970 3867 concilio
1994 3811 2027 3866 et
2049 3800 2287 3866 ordinacioniffl

627 3915 796 3982 meliorum
817 3927 1001 3982 nostrorum
1022 3917 1056 3981 in
1078 3914 1262 4003 concilijs⁹⁴
1282 3937 1341 4004 pro
1359 3926 1505 4005 tempore
1524 3916 1738 4014 celebrandis.
1781 3919 1869 3986 Jtem
1894 3919 2052 4007 volumus,
2075 3920 2163 4008 quod
2180 3919 2286 3988 nullus
2305 3943 2335 3985 rr.

627 4037 715 4125 apud
742 4035 898 4122 claustra,
921 4034 1057 4101 clericos
1083 4033 1138 4100 uel
1159 4032 1261 4100 laicos
1282 4035 1462 4121 hospitetur
1482 4037 1674 4121 indiscrete,
1696 4049 1747 4103 set
1776 4041 1983 4106 contentus²³
2004 4039 2069 4124 his,
2092 4061 2154 4127 que
2178 4038 2287 4104 dome-

627 4155 737 4220 stici”
764 4152 913 4220 hahuerit
947 4164 980 4220 et
1008 4153 1070 4218 sibi
1102 4153 1181 4218 dare
1209 4152 1356 4219 uoluerit.
1393 4155 1420 4218 si
1454 4153 1568 4242 aliquis
1601 4155 1711 4221 facere
1745 4156 1878 4223 ulterius
1910 4159 2145 4246 presumpserit
2178 4157 2288 4246 aliqua
2348 4143 2352 4151 ¹

628 4272 786 4339 uiolenter
807 4273 982 4361 rapiendo,
1013 4271 1149 4338 liberam
1170 4270 1290 4339 habeat
1309 4281 1524 4360 potestatem,
1546 4275 1575 4339 si
1597 4274 1732 4341 clericus
1754 4277 1866 4361 fuerit,
1888 4275 2080 4342 uiolenciam
2105 4275 2287 4343 huiusmodi

698 4559 764 4610 ²D:
785 4561 934 4626 impetrauit
950 4563 1053 4613 inusta.
1126 4557 1192 4613 ²13:
1209 4562 1279 4629 regis
1297 4561 1380 4614 deest.
1457 4560 1607 4614 mun:
1625 4564 1701 4616 bona.
1778 4561 1865 4617 ⁴Sic.
1893 4564 2219 4620 decrescentem.
2255 4567 2288 4618 In

627 4644 823 4696 Brocsbnlnm
840 4645 906 4697 hoco
925 4646 1006 4698 deest
1080 4645 1148 4699 ⁵D:
1165 4649 1253 4700 uxoris
1270 4649 1466 4713 contraderent
1534 4645 1684 4701 ‘culn
1702 4651 1814 4703 addunt:
1833 4652 1920 4718 aliqui.
1990 4647 2005 4688 ⁷
2022 4653 2060 4703 D:
2079 4669 2127 4704 sue
2143 4655 2286 4720 prouincia.

627 4727 784 4781 ⁸Bsddit=
801 4731 929 4784 volumus.
1006 4729 1072 4785 οΒε
1090 4732 1237 4785 stuthkorn.
1314 4731 1646 4786 memonasterium
1737 4735 1762 4771 ¹¹
1779 4737 1830 4802 „ad
1848 4761 1879 4775 -
1898 4739 1998 4788 ΜΗ
2033 4739 2058 4789 D
2079 4739 2118 4788 ita
2133 4738 2231 4789 reddit:
2253 4737 2288 4788 sd

628 4817 800 4884 reparandum
817 4819 888 4869 circa
905 4823 987 4870 terras
1004 4819 1208 4875 molendinorum
1225 4825 1272 4870 aut
1288 4819 1342 4871 alia
1358 4819 1462 4870 edificia
1478 4834 1528 4870 nec
1545 4821 1627 4872 cctam
1645 4825 1731 4872 casua
1749 4827 1908 4874 construere.
1988 4818 2013 4857 ¹²
2030 4823 2065 4874 0:
2083 4827 2186 4874 nostras
2203 4823 2286 4898 deest.

630 4901 655 4936 ¹⁸
677 4903 801 4954 Baddit:
825 4909 922 4956 nostra.
1012 4901 1036 4938 ²⁴
1059 4905 1081 4956 B
1104 4902 1128 4956 dt
1150 4905 1185 4956 C:
1208 4907 1277 4972 rogis
1301 4905 1384 4956 deest.
1475 4902 1501 4941 ¹⁸
1518 4905 1539 4956 C
1557 4903 1581 4956 d
1597 4907 1622 4958 D
1640 4906 1751 4958 addunt:
1769 4907 1818 4960 suh
1836 4909 1923 4975 aliqua
1940 4924 2017 4975 pena
2109 4909 2136 4947 ¹⁰
2158 4911 2179 4962 C
2203 4907 2226 4960 ds
2248 4910 2286 4960 D:

628 4987 695 5050 ntia,
758 4985 836 5040 ¹²13:
853 5003 912 5055 que.
947 4989 981 5040 0:
1003 5005 1054 5055 que
1071 4989 1147 5042 solui.
1226 4987 1251 5026 ¹⁸
1266 4991 1289 5041 Β
1307 4987 1330 5040 ds
1348 4989 1382 5041 ῦς
1399 4991 1470 5056 ragis
1488 4990 1570 5042 deest.
1639 4988 1665 5027 ¹⁹
1681 4993 1717 5042 B:
1735 4994 1860 5059 recipere.
1927 4990 1956 5030 ω
1972 4995 1994 5047 G
2012 4994 2036 5047 d
2052 4998 2078 5048 D
2095 4997 2209 5048 sdduntr
2226 5011 2285 5062 per-

627 5073 720 5126 fidelss
736 5079 848 5126 nostrus.
925 5069 952 5108 ²¹
972 5073 994 5126 (l
1012 5073 1036 5125 ds
1051 5075 1076 5125 D
1099 5075 1211 5126 addunt:
1233 5091 1281 5142 pro
1303 5075 1391 5142 aliquo
1414 5075 1517 5127 delicto.
1594 5073 1623 5112 Ὦ
1639 5077 1676 5130 O:
1698 5079 1862 5146 worthsslde,
1884 5086 2002 5147 excepto.
2046 5084 2071 5135 D
2097 5085 2176 5134 etism
2199 5083 2286 5134 addit:

629 5164 747 5226 excepto.
815 5155 842 5194 ⁹⁸
858 5160 894 5210 B:
911 5159 1087 5211 ordinacione.
1157 5155 1184 5194 ⁹⁸
1202 5159 1223 5212 C
1241 5158 1265 5211 ds
1281 5161 1319 5211 D:
1337 5177 1385 5228 pro
1403 5159 1554 5227 ,meliorum
1568 5189 1599 5209 -ν
1619 5163 1765 5231 concilijs”:
1782 5164 1898 5218 fidolium
1914 5171 2059 5220 corborum
2076 5171 2104 5220 in
2120 5169 2282 5236 paralsmcn-

627 5245 662 5295 tis
678 5245 780 5296 nostris.
856 5240 884 5280 Ἦ
901 5244 923 5298 0
940 5242 964 5295 dt
979 5245 1005 5296 D
1025 5245 1200 5324 adduntz,sit
1275 5241 1304 5282 Ἃ
1321 5247 1357 5312 Β,
1375 5246 1396 5299 O
1414 5245 1438 5298 d
1454 5248 1479 5298 D
1496 5253 1582 5300 reeta:
1606 5249 1772 5302 domesticus.
