5242 6414
1463 636 1506 702 26

655 839 796 904 omnium
825 847 978 904 statutum
1007 846 1059 902 est
1088 846 1121 902 et
1147 839 1334 903 iuramentis
1364 837 1562 924 singulorum
1590 835 1763 902 salubriter
1790 835 1999 928 ordinatum,
2025 832 2117 934 quod¹
2141 851 2254 898 omues
2281 839 2317 896 et

654 956 773 1043 singuli
798 957 898 1055 ipsius
925 957 1020 1042 regni
1048 957 1150 1022 Decie
1177 955 1283 1022 incole
1312 957 1346 1021 in
1374 977 1565 1045 quacunque
1595 964 1684 1021 terra
1709 957 1803 1041 regnj
1838 962 2074 1019 commorantes
2106 971 2188 1038 pace
2222 951 2317 1016 firma

654 1075 816 1159 fruantur,
838 1076 1025 1163 juriumque
1047 1075 1157 1160 legum
1178 1097 1218 1140 ac
1238 1074 1422 1140 libertatum
1446 1097 1575 1140 suarum
1595 1073 1846 1139 inuiolabiliter¹
1869 1072 2034 1156 gaudeant
2054 1071 2221 1154 firmitate,
2254 1091 2315 1134 nos

656 1203 774 1260 statuto
796 1203 861 1258 tam
884 1192 1006 1258 salubri
1028 1193 1188 1258 assensu⁹
1215 1202 1283 1258 toto
1312 1192 1488 1280 prebentes
1517 1193 1623 1258 animo
1654 1194 1871 1278 promittimus
1891 1191 2025 1257 firmiter
2051 1191 2085 1255 in
2106 1191 2166 1254 hiis
2189 1189 2317 1276 scriptis

656 1312 716 1378 sub
738 1312 857 1378 nostris
879 1311 944 1377 lide
968 1311 1144 1376 ethonore
1167 1313 1274 1377 omnia
1294 1313 1365 1377 iure
1386 1312 1479 1398 leges
1501 1312 1668 1378 libertates
1697 1322 1730 1377 et
1760 1309 2011 1376 consuetudines
2037 1309 2141 1374 licitas
2164 1316 2197 1373 et
2217 1307 2317 1373 hone-

657 1442 723 1498 stas
752 1453 772 1495 a
801 1430 863 1496 dno
885 1430 1083 1496 Voldemaro
1111 1430 1248 1516 legifero
1275 1430 1450 1496 recolende
1478 1431 1633 1496 memorie
1663 1429 1801 1496 condem
1827 1451 1909 1514 rege
1936 1428 2105 1493 Danornm
2132 1428 2316 1514 ceterisque

657 1551 728 1616 aliis
749 1527 888 1635 ¹regibus
915 1550 1019 1616 Daeie
1048 1549 1173 1614 clericis
1203 1558 1235 1615 et
1263 1550 1366 1636 laycis
1394 1549 1640 1638 quibuscunque
1670 1551 1705 1614 in
1734 1548 1820 1614 bunc
1848 1547 1933 1612 diem
1961 1546 2053 1611 datae
2082 1553 2115 1611 et
2143 1565 2317 1610 concessas

657 1669 791 1734 firmiter
819 1677 932 1734 tenere
961 1678 994 1734 et
1022 1667 1251 1734 inuiolabiliter
1279 1669 1505 1755 inperpetuum
1539 1669 1725 1734 obseruare.
1780 1667 1916 1754 Insuper
1950 1663 2130 1750 obligamus
2162 1685 2223 1728 nos
2256 1662 2316 1728 sub

659 1787 892 1853 obserueoione
914 1786 992 1852 fidei
1012 1759 1122 1851 nostre
1145 1795 1178 1851 et
1199 1785 1339 1871 honoris,
1352 1787 1440 1875 quod
1462 1789 1491 1852 si
1512 1790 1679 1873 contingat
1699 1786 1824 1874 aliquos
1847 1784 1984 1850 clericos
2005 1785 2058 1849 uel
2081 1782 2181 1848 laicos
2203 1789 2317 1846 contra

659 1904 750 1991 leges
780 1914 866 1969 terre
894 1927 955 1992 per
985 1926 1195 1992 quoscunque
1222 1903 1339 1970 iniuste
1369 1908 1507 1994 opprimi
1533 1906 1587 1972 uel
1609 1907 1756 1992 grauari,
1789 1913 1823 1969 et
1844 1903 1887 1970 ad
1907 1901 2089 1968 huiusmodi
2110 1901 2242 1965 iniuriae
2264 1897 2317 1964 uel

658 2025 848 2110 grauamina
879 2021 1110 2109 repellandae⁸
1148 2033 1244 2111 atque
1279 2024 1498 2090 emendandas
1529 2026 1622 2090 iuxta
1653 2023 1822 2090 consilium
1855 2021 2109 2087 conciliariorum
2142 2021 2319 2084 iuratorum

659 2144 755 2230 regni
776 2144 810 2208 in
831 2143 887 2208 illa
907 2150 995 2207 terra
1015 2143 1135 2228 regni⁴
1157 2144 1444 2226 commorancium,
1471 2144 1505 2208 in
1528 2165 1595 2231 qua
1613 2165 1673 2208 nos
1694 2143 1817 2230 requiri
1839 2142 2019 2225 contingat,
2046 2161 2106 2226 per
2129 2137 2209 2202 dnos
2232 2136 2319 2223 dapi-

660 2262 765 2327 ferum
787 2272 820 2326 et
842 2260 1055 2326 marscalcum
1077 2281 1136 2325 seu
1157 2262 1337 2348 prefectum
1359 2262 1506 2349 requisiti
1527 2262 1695 2345 fuerimus,
1730 2284 1773 2326 ex
1800 2268 1878 2326 tuno
1905 2262 1974 2325 sine
1997 2259 2083 2323 omni
2105 2256 2264 2322 dilacione
2287 2262 2320 2319 et

661 2378 921 2446 contradiocione
943 2401 1136 2466 quacunque
1159 2380 1201 2444 ad
1223 2380 1285 2444 hoc
1308 2380 1482 2445 conuenire
1508 2390 1541 2446 et
1561 2382 1629 2446 vita
1650 2382 1770 2468 pariter
1791 2387 1889 2466 atque
1911 2377 2005 2444 bonis
2028 2376 2071 2441 ad
2091 2375 2154 2440 boc
2174 2396 2236 2438 nos
2255 2371 2321 2438 effi-

662 2499 783 2563 caciter
810 2519 976 2584 exponere
1006 2497 1162 2562 debemus
1173 2498 1196 2562 ⁵.
1257 2499 1322 2562 Pro
1351 2520 1487 2585 quorum
1517 2501 1657 2564 omnium
1691 2499 1784 2564 firme
1817 2508 1851 2563 et
1883 2494 2060 2562 inuiolabili
2090 2496 2320 2581 premissorum

666 2615 901 2682 obseruacione
923 2637 984 2680 nos
1007 2637 1119 2680 omnes
1142 2623 1175 2680 et
1197 2615 1315 2702 singuli
1337 2639 1436 2704 supra
1458 2618 1569 2704 scripti
1590 2617 1697 2704 sigilla
1718 2627 1830 2683 nostra
1857 2615 2061 2703 presentibus
2088 2613 2203 2678 litteris
2232 2611 2322 2676 duxi·

664 2756 736 2800 mus
757 2733 961 2821 apponenda
1005 2733 1123 2800 Actum
1146 2743 1179 2800 et
1201 2733 1311 2800 datum
1332 2745 1368 2802 ut
1389 2757 1488 2823 supra
1508 2759 1593 2803 anno
1617 2736 1670 2802 dri
1690 2735 1884 2822 mccclxxvij
1907 2734 1992 2799 infra
2012 2741 2143 2798 octenae
2165 2730 2322 2797 Johannis

665 2851 805 2941 baptiste
817 2853 841 2919 ⁶.

1230 3039 1372 3107 Gammel
1390 3040 1503 3105 Danslc
1527 3038 1766 3106 Oversoetteleel.

816 3205 890 3272 Alle
917 3230 1001 3273 maen
1031 3218 1093 3275 eto.
1119 3209 1211 3276 Olnff
1234 3218 1301 3275 met
1321 3209 1406 3295 gude
1434 3209 1519 3275 nade
1541 3207 1747 3275 Danmaroks
1776 3207 1932 3275 Waendea
1960 3229 1999 3274 oc
2028 3206 2139 3273 Godes
2169 3204 2322 3290 konnigh,

643 3314 854 3410 'Margrettae
886 3335 953 3392 met
984 3326 1061 3392 then
1094 3349 1224 3394 eamme
1255 3326 1349 3394 nadre
1383 3327 1546 3414 Suaeriges
1585 3350 1624 3393 oc
1661 3328 1790 3414 Norges
1824 3326 1996 3413 drotning,
2048 3326 2106 3391 Nis
2139 3335 2205 3390 met
2237 3323 2322 3410 guda

667 3441 814 3508 miscund
836 3443 1047 3532 serohibiscop
1069 3445 1080 3509 i
1100 3445 1196 3511 Lund
1219 3467 1258 3510 oc
1280 3444 1436 3530 Sueriges
1458 3446 1583 3532 lbrstae,
1616 3446 1691 3512 lens
1719 3447 1767 3511 aff
1784 3446 1890 3533 Ripae,
1923 3444 2088 3510 Brother⁸
2109 3443 2157 3510 aff
2173 3443 2322 3526 Wiborg,

669 3560 760 3626 Oluff
777 3560 825 3624 aff
842 3561 944 3645 Arus,
976 3561 1066 3627 Niels
1093 3564 1140 3628 aff
1165 3563 1336 3649 Roslrilde,
1374 3566 1481 3630 Swaen
1507 3565 1555 3632 aff
1576 3564 1706 3630 Borlom
1738 3586 1777 3629 oc
1807 3563 1997 3630 Waldemar
2024 3564 2071 3628 aff
2097 3563 2232 3628 Othaene
2259 3568 2324 3625 met

668 3678 745 3744 then
768 3700 897 3743 sammre
924 3680 1018 3745 nadre
1035 3680 1178 3746 lrirlraens
1199 3681 1375 3770 biscoppae,
1397 3683 1552 3769 Henning
1567 3683 1724 3749 Podbusk
1741 3683 1997 3770 kdgemaesterae,
2018 3681 2145 3746 AEurert
2161 3679 2324 3745 Multiokae

669 3795 849 3878 marslralk,
877 3797 958 3862 Tuae
980 3797 1094 3864 edan
1116 3799 1162 3865 aff
1181 3799 1316 3884 Skenee,
1343 3801 1472 3867 Peether
1492 3802 1628 3886 Munoh,
1656 3803 1706 3868 Bo
1730 3802 1845 3887 Hugh,
1872 3801 1963 3866 Niels
1986 3801 2212 3883 Torstaensdn,
2234 3797 2324 3864 Niels

591 3900 597 3908 ⁴
669 3915 811 3998 Eiaesdn,
835 3914 1000 3980 Cristisern
1020 3917 1216 4002 Wendelbo,
1244 3918 1516 4005 LasseOffesb‘n,
1543 3919 1634 3986 Niels
1656 3921 1826 4005 Erichsdn,
1854 3917 1929 3984 lens
1951 3919 2134 4003 Anderson,
2169 3916 2325 3982 Oristiern

539 4121 544 4132 ,Α
670 4031 755 4115 Kas,
783 4032 900 4098 Paeder
920 4033 1124 4119 Albrictsb'n,
1151 4036 1251 4123 Lagae
1272 4038 1410 4124 Idnsbn,
1443 4039 1533 4105 Niels
1555 4039 1681 4124 Liclrae,
1708 4038 1849 4105 AErland
1869 4037 1992 4124 Kaal⁰,
2025 4037 2150 4103 Paedaer
2173 4035 2325 4119 Grubbae,

673 4149 765 4217 oluff
779 4151 949 4238 Bidrnsdn,
971 4152 1029 4242 lep
1050 4154 1201 4238 Olussdn
1226 4155 1317 4221 Oluff
1340 4157 1471 4241 Idnsdn,
1494 4159 1586 4225 oluff
1598 4159 1784 4239 Paedersbn‚
1808 4158 1888 4223 Tum
1908 4157 2067 4240 Knutsdn,
2091 4157 2182 4223 Oluff
2193 4157 2325 4240 Longre,

672 4268 816 4334 Henrich
837 4270 978 4355 Jensdn,
1009 4273 1080 4338 Boo
1102 4273 1219 4360 Dyrae,
1252 4275 1332 4341 Sten
1354 4276 1481 4360 Bessae,
1513 4278 1784 4362 BeintBiugh10,
1822 4275 1949 4361 Helger
1977 4274 2144 4359 (ierdso'n,
2177 4273 2327 4340 Torbern

672 4388 812 4471 Persdn,
845 4387 996 4475 Loduigh
1020 4389 1211 4476 Anderson,
1243 4393 1333 4459 Niels
1361 4396 1527 4480 Tuessdn,
1566 4395 1641 4460 lens
1662 4395 1823 4480 Axelsdn,
1863 4394 1938 4460 lens
1968 4392 2202 4477 Stauoerskow,
2236 4391 2326 4458 Niels

674 4505 795 4591 Stura,
825 4505 900 4572 lens
921 4507 1092 4573 Pedersdn
1113 4511 1161 4576 aff
1178 4512 1349 4598 erlingse
1371 4514 1527 4598 ridderae,
1560 4515 1667 4581 Albrit
1688 4513 1871 4598 Andersbn,
1905 4513 1979 4579 Iens
2001 4515 2080 4597 Rut,
2102 4513 2186 4577 Iwer
2207 4511 2328 4594 Liclrre,

675 4731 835 4741 -----.-—
848 4736 1075 4748 -.-....——,—

744 4893 754 4928 ¹
777 4897 921 4950 Bmelius:
939 4899 1090 4952 inuiolabili.
1159 4897 1172 4936 '³
1194 4903 1215 4952 B
1233 4887 1337 4955 melius:
1355 4919 1497 4954 aseneum
1566 4897 1804 4956 ⁸Bbcrecte:
1822 4905 1993 4971 repellendas.
2061 4902 2074 4940 ⁴
2101 4905 2136 4956 B:
2154 4903 2229 4970 regni
2247 4901 2328 4951 deest

676 4976 741 5030 ⁸1³:
759 4982 909 5036 debeamus.
965 4983 980 5020 θ
996 4987 1031 5038 B:
1048 4987 1124 5038 Anno
1143 4989 1185 5039 diii
1204 4988 1341 5040 210000ο
1361 4991 1551 5056 septuagesimo
1568 4991 1678 5054 sentisne
1696 4995 1791 5042 octaua
1807 4993 1891 5041 sancti
1907 4993 2036 5043 Johannis
2053 4992 2174 5056 baptiste.
2225 4986 2238 5023 ⁷
2256 4987 2330 5038 Eiter

678 5065 767 5117 Codex
775 5069 947 5135 Mngnaeenus
961 5072 988 5121 in
1004 5074 1040 5122 tro
1058 5072 1108 5122 No.
1118 5075 1159 5136 22,
1176 5073 1256 5139 Papir
1267 5089 1302 5140 og
1312 5073 1469 5141 Pergament
1485 5075 1587 5126 mellem
1604 5075 1755 5140 hrcrandre,
1772 5075 1884 5127 slrreven
1902 5079 1970 5128 circa
1991 5079 2063 5128 1475.
2094 5076 2267 5128 Vsrianterne
2286 5088 2330 5124 ere

675 5151 998 5288 ῗίΒΟοεὲεαῖιΜιςυιῖκηηε
1015 5158 1042 5206 in
1060 5158 1102 5209 81·
1119 5153 1276 5224 Nonam),
1294 5159 1389 5210 broraf
1401 5160 1488 5210 denne
1505 5161 1568 5211 Part
1584 5176 1613 5211 er
1629 5159 1740 5212 slrreren
1760 5163 1825 5212 1472
1843 5178 1894 5228 par
1910 5163 1996 5229 Papir.
2050 5160 2064 5197 ⁸
2079 5162 2115 5213 B:
2132 5160 2245 5212 bredher
2253 5160 2329 5226 Jeep.

736 5256 742 5288 ι
823 5277 829 5290 .
940 5243 975 5292 B:
994 5242 1060 5293 Piik.
