5032 6418
662 689 705 756 ω
817 793 818 796 ,

622 891 789 956 circuitum
811 891 859 954 sic
881 911 917 954 se
941 889 1114 978 disponant
1136 899 1169 956 et
1190 889 1326 978 quilibet
1348 911 1459 957 eorum
1483 891 1642 980 disponat,
1664 903 1700 958 vt
1720 893 1821 979 ipsius
1843 895 1943 958 missa
1964 904 2039 960 ante
2062 895 2161 960 tinem
2183 897 2283 962 tercie

622 1019 655 1076 et
669 1009 802 1097 juitium
823 1009 981 1074 sermonis
998 1010 1040 1073 sit
1061 1009 1191 1074 omnino
1213 1009 1312 1094 finita,
1336 1020 1369 1075 et
1386 1009 1505 1076 deiude
1528 1011 1588 1078 sub
1602 1013 1759 1078 Sermone
1778 1011 1881 1077 Sexta
1903 1022 1936 1077 et
1956 1013 2091 1079 chcmtu
2113 1035 2282 1101 quousque

622 1129 755 1196 Summa
775 1129 875 1193 missa
895 1126 991 1192 fuerit
1007 1127 1144 1214 jncepta
1169 1127 1275 1193 nullus
1306 1130 1452 1211 omnino,
1480 1131 1709 1218 cuiuscumque
1739 1129 1938 1195 condicionis
1965 1129 2076 1217 fuerit,
2104 1133 2144 1218 jn
2167 1131 2282 1196 eadem

622 1247 762 1314 ecclesia
793 1247 923 1312 mnsam
957 1244 1125 1311 celebrare
1157 1258 1343 1334 praesumat,
1376 1249 1438 1313 nisi
1465 1270 1531 1312 vna
1557 1249 1657 1314 missa
1684 1247 1744 1314 sub
1768 1249 1870 1314 Sexta
1898 1259 1995 1336 prout
2021 1263 2187 1336 sequetur.
2240 1252 2284 1317 Et

620 1376 794 1456 postquam
816 1387 941 1430 summa
961 1365 1060 1430 missa
1075 1366 1213 1452 jncepta
1232 1367 1338 1449 fuerit,
1364 1367 1508 1432 existens
1530 1389 1589 1453 pro
1612 1377 1757 1455 tempore
1779 1367 1938 1454 plebanus
1956 1389 2015 1433 seu
2032 1369 2152 1434 Hector
2175 1368 2282 1434 altaris

622 1483 833 1574 parrochialis
854 1484 986 1561 missam
1007 1483 1178 1569 parrochie
1201 1494 1324 1568 cantet,
1346 1485 1472 1551 Eadem
1495 1496 1603 1551 tamen
1624 1487 1724 1552 missa
1740 1488 1779 1573 jn
1802 1485 1873 1572 alijs
1895 1485 2011 1552 diebus
2035 1488 2068 1573 jn
2090 1508 2151 1554 sua
2171 1487 2283 1554 hucus-

624 1627 687 1692 que
711 1602 885 1668 obseruata
907 1601 1139 1666 consuetudine
1167 1625 1395 1692 permansura,
1427 1605 1593 1692 premissis
1621 1615 1729 1670 tamen
1757 1603 1905 1672 omnibus
1934 1616 1967 1670 et
1997 1604 2132 1690 singulis
2155 1607 2197 1691 jn
2222 1605 2282 1670 illia

623 1723 749 1806 diebus,
773 1719 888 1808 quibus
913 1741 955 1786 ex
976 1731 1141 1808 praecepto
1168 1731 1280 1787 sancte
1309 1725 1420 1788 matris
1450 1723 1588 1788 ecclesie
1610 1722 1825 1809 jeiunaudum
1854 1733 1912 1806 est,
1940 1723 1982 1788 ad
2009 1723 2149 1789 mediam
2171 1724 2282 1790 horam

621 1840 799 1910 tardandis.
840 1839 908 1906 Sub
927 1861 1050 1904 summa
1072 1847 1180 1904 autem
1201 1843 1301 1907 missa
1323 1841 1490 1907 celebrent
1512 1843 1706 1929 quicumque
1728 1843 1850 1929 astrictj
1877 1853 1910 1908 et
1930 1841 2079 1908 volentes
2101 1853 2167 1908 tam
2190 1863 2284 1908 eano-

623 1962 686 2048 nicj
711 1982 808 2048 quam
830 1957 883 2045 aiij
907 1957 1080 2045 presbiterj
1104 1960 1258 2044 ecclesie,
1291 1959 1351 2025 sub
1373 1961 1433 2026 hac
1456 1969 1566 2024 tamen
1586 1960 1836 2043 modificatione,
1859 1960 1947 2048 quod
1968 1959 2127 2026 medietas
2149 1962 2283 2026 vicario·

622 2103 693 2146 rum
716 2089 749 2144 et
770 2076 905 2143 aliorum
928 2075 1144 2142 altaristarum
1167 2101 1292 2142 summa
1306 2078 1386 2143 hora
1403 2088 1477 2144 ante
1497 2099 1689 2162 sermonem,
1712 2078 1788 2143 Alia
1803 2099 1884 2144 vero
1899 2079 2058 2146 medietas
2076 2078 2136 2144 sub
2150 2078 2282 2146 &mma

622 2202 721 2264 missa
743 2195 895 2280 celebret,
917 2217 1000 2261 vnus
1019 2206 1128 2260 tamen
1150 2198 1356 2264 sacerdotnm
1379 2197 1511 2284 singulis
1533 2196 1761 2264 festiuitatibus
1783 2199 1969 2262 necessario
1992 2219 2028 2262 se
2051 2196 2111 2262 sub
2125 2197 2281 2263 Sermone

621 2319 665 2384 ad
689 2315 920 2382 celebrandum
942 2323 1017 2379 aute
1039 2313 1152 2380 Altare
1175 2315 1286 2402 Sancti
1310 2315 1434 2402 Nicolaj
1464 2325 1627 2403 preparet,
1649 2325 1686 2382 vt
1706 2337 1784 2381 mox
1805 2315 1895 2381 finito
1918 2337 2068 2381 sermone
2091 2315 2152 2382 sub
2174 2337 2282 2402 porro

622 2435 779 2504 chialibus
802 2442 835 2498 et
856 2433 960 2498 Sexta
982 2442 1057 2496 ante
1081 2433 1247 2499 circuitum
1275 2435 1345 2499 eius
1366 2435 1466 2500 missa
1484 2436 1525 2500 sit
1546 2435 1645 2518 finita,
1673 2455 1714 2498 ne
1739 2435 1803 2500 isto
1825 2444 1972 2521 tempore
1999 2436 2033 2520 jn
2062 2445 2129 2500 tam
2156 2434 2280 2520 solennj

621 2558 705 2623 festo
723 2555 761 2640 jn
785 2551 925 2616 ecclesia
946 2551 1101 2617 voconcio
1122 2550 1280 2616 videatur.
1323 2553 1520 2619 Preterea
1546 2563 1582 2618 vt
1603 2573 1710 2638 neque
1738 2563 1852 2618 cantor
1878 2552 2028 2618 nullusve
2050 2553 2133 2620 alius
2155 2555 2283 2618 canoni-

622 2698 679 2742 cus
702 2695 760 2740 seu
781 2669 994 2738 beneficiatus
1016 2669 1110 2734 huius
1132 2669 1270 2734 ecclesie
1294 2670 1432 2736 eandem
1453 2671 1537 2736 hauc
1566 2669 1738 2738 ecclesiam
1763 2673 1890 2758 jutrare
1921 2694 1981 2736 seu
2002 2673 2042 2759 jn
2072 2670 2187 2736 eadem
2210 2692 2282 2736 esse

622 2802 788 2883 presumat
810 2787 870 2856 sub
894 2787 1010 2853 diuinis
1033 2788 1147 2873 summj
1171 2788 1277 2874 chorj‚
1305 2789 1366 2854 nisi
1388 2789 1518 2855 indutus
1546 2789 1642 2855 solita
1668 2788 1838 2874 relligione
1867 2799 1901 2854 et
1927 2789 2048 2856 birreto
2077 2789 2281 2876 sacerdotalj,

622 2915 667 2980 Et
689 2912 872 3000 quicunque
895 2905 1029 2993 alicujus
1051 2906 1282 2991 premissorum
1303 2917 1526 2994 transgressor
1554 2909 1712 2991 extiterit,
1745 2906 1852 2973 soluat
1878 2930 1938 2995 pro
1968 2907 2113 2995 quolibet
2140 2909 2282 2995 ipsorum

623 3051 743 3098 exessu
776 3025 959 3092 choralibus
988 3046 1086 3090 vnum
1116 3035 1248 3090 tunnam
1283 3027 1441 3092 cerenisie
1468 3025 1761 3092 Ekelenfordensis
1789 3025 1954 3092 hahebille
1976 3037 2208 3112 nuncupatam,
2240 3025 2283 3090 Et

623 3171 704 3236 erga
735 3155 877 3213 vestram
916 3143 1132 3208 reuerendam
1163 3151 1391 3231 paternitatem
1423 3154 1519 3232 prout
1559 3144 1715 3232 expedire
1749 3145 1911 3212 videbitur
1945 3145 2105 3210 emendet.
2162 3146 2282 3210 Omnes

623 3270 726 3334 eciam
748 3275 782 3332 et
803 3261 919 3350 singulj
943 3261 1037 3326 huius
1066 3260 1203 3327 ecclesie
1231 3264 1343 3351 vicarij
1372 3264 1541 3330 malmusia
1569 3263 1662 3330 solito
1691 3273 1837 3351 tempore
1867 3274 1899 3330 et
1921 3286 2041 3352 cappas
2069 3265 2179 3349 nigras
2206 3273 2283 3328 tem-

579 3467 584 3478 ,
621 3407 702 3476 pore
733 3383 848 3449 hiemis
882 3379 941 3446 snb
974 3401 1061 3467 pena
1093 3380 1239 3467 predicta
1272 3381 1429 3449 delerant.
1489 3383 1644 3449 Rursus
1678 3384 1753 3470 quia
1786 3384 1875 3448 curie
1908 3381 2113 3448 canonicales
2146 3380 2282 3447 ecclesie

621 3513 748 3587 nostre,
780 3489 915 3588 propter
943 3499 1110 3585 hucusque
1142 3498 1299 3564 toleratas
1328 3502 1423 3566 vuius
1457 3500 1667 3588 eiusdemque
1701 3521 1841 3587 persone
1874 3499 2093 3588 multipharias
2127 3501 2282 3586 optiones,

622 3620 784 3689 nonmodo
808 3641 872 3684 non
894 3617 1119 3700 meliorantur,
1152 3618 1212 3682 sed
1233 3619 1386 3706 Jpsarum
1409 3621 1515 3708 alique
1539 3619 1642 3707 (qnod
1665 3619 1813 3686 dolenter
1834 3619 2019 3702 referimus)
2042 3619 2203 3682 minantur
2223 3618 2282 3682 rui-

622 3762 697 3824 nas,
731 3739 775 3804 Et
802 3738 964 3821 cantoria,
996 3737 1092 3802 vnica
1119 3734 1248 3822 quidem
1276 3747 1351 3822 post
1378 3748 1522 3803 vestram
1544 3738 1772 3825 Episcopalem
1796 3739 1986 3824 dignitatem
2003 3737 2042 3822 jn
2063 3736 2124 3802 hac
2147 3735 2283 3800 eeclesia

624 3859 767 3924 existens
788 3855 962 3943 prelatura,
984 3853 1046 3918 sibi
1062 3855 1276 3941 jncorporata
1297 3864 1387 3920 caret
1408 3858 1506 3941 cuma,
1530 3856 1616 3944 quod
1640 3867 1728 3922 certe
1746 3858 1885 3944 jmpium
1906 3857 2033 3942 oenserj
2057 3865 2183 3942 posset:
2212 3853 2283 3938 Hijs

623 3998 751 4064 quoque
773 3973 897 4060 mederj
922 3974 1089 4059 cupientes
1110 3971 1327 4059 pariformiter
1348 3976 1516 4040 statuimus
1546 3985 1579 4040 et
1607 3974 1806 4059 ordinamus,
1841 3974 1929 4062 quod
1959 3975 2049 4040 curia
2076 3993 2171 4060 quam
2199 3993 2282 4036 nunc

622 4094 781 4182 inhabitat
809 4094 966 4178 magister
992 4089 1141 4156 michaeli
1168 4093 1251 4178 petri
1278 4092 1475 4178 licentiatus,
1515 4093 1558 4158 ad
1588 4093 1773 4180 aquilonem
1801 4093 1939 4158 ecclesie
1968 4102 2002 4157 et
2029 4091 2184 4176 cimeterij
2213 4091 2282 4172 sita,

621 4223 785 4300 tamquam
807 4210 945 4276 ecclesie
967 4210 1102 4274 vicinior
1124 4232 1197 4275 cum
1219 4220 1332 4276 cantor
1354 4211 1470 4278 diuinis
1493 4223 1589 4300 prout
1605 4211 1815 4300 jnplurimum
1833 4212 1997 4298 jutereese
2019 4218 2185 4293 teneatur,
2211 4206 2280 4294 Jpsi

621 4331 785 4420 prelature
808 4353 867 4396 seu
889 4329 1036 4415 dignitatj
1060 4330 1203 4394 cantorie
1231 4303 1306 4417 post
1333 4352 1461 4396 cessum
1488 4342 1599 4398 umen
1626 4341 1683 4396 aut
1711 4328 1881 4395 decessum
1909 4330 2026 4416 prefatj
2060 4328 2207 4412 magistri
2227 4325 2281 4390 mi·

623 4449 744 4517 chaelis
766 4471 894 4514 exnunc
916 4458 1012 4535 prout
1034 4457 1153 4514 extunc
1175 4450 1375 4514 annectimus
1398 4459 1431 4514 et
1446 4451 1711 4537 jncorporamus,
1739 4447 1839 4514 Saluo
1861 4459 1970 4514 tamma
1992 4447 2079 4535 quod
2103 4465 2175 4510 earn
2197 4451 2281 4508 emat

623 4590 643 4634 a
674 4567 814 4655 capitulo
843 4569 974 4653 triginta
1001 4569 1118 4632 marcis
1150 4566 1386 4653 lubicensibus,
1420 4589 1480 4655 pro
1508 4569 1665 4634 memoria
1695 4567 1744 4632 sui
1770 4566 2014 4653 predecessoris
2037 4563 2281 4644 conuertendis;

623 4685 743 4752 Lector
764 4697 871 4754 autem
893 4685 992 4753 habet
1014 4687 1135 4752 curiam
1157 4685 1199 4750 ad
1222 4686 1424 4752 occidentem
1453 4685 1591 4754 ecclesie
1613 4687 1777 4774 propriam
1800 4694 1834 4750 et
1854 4707 1926 4751 eam
1953 4684 2084 4773 quidem
2105 4682 2281 4748 liberama

623 4802 709 4870 bone
735 4806 890 4871 memorie
911 4805 1077 4892 Episcopo
1104 4804 1240 4871 Nicolao
1268 4805 1373 4872 Wulff
1403 4805 1547 4871 eiusdem
1581 4804 1704 4870 lecture
1738 4802 1885 4868 dotatore
1914 4811 2055 4890 emptam
2082 4810 2179 4888 atque
2209 4821 2281 4866 oon·

623 4931 787 4988 structam.
833 4922 932 4988 Curia
952 4933 1059 4988 autem
1083 4945 1179 5010 quam
1200 4945 1347 5012 pronunc
1370 4923 1518 4990 dominus
1539 4923 1693 4989 Nicolans
1714 4921 1854 4988 Rolaudi
1876 4921 2062 5008 capellanus
2080 4921 2119 5006 ju
2140 4918 2282 4985 Haders-

624 5040 696 5108 leue
720 5039 882 5125 jnhabitat
902 5053 977 5130 post
999 5043 1118 5130 dominj
1141 5041 1268 5108 Nicolai
1290 5042 1412 5109 obitum
1436 5042 1615 5131 jumediate
1639 5041 1700 5108 sub
1731 5040 1888 5107 electione
1915 5038 2127 5104 residentium
2155 5037 2282 5102 canoni·
2384 5031 2388 5039 ’

624 5181 735 5226 corum
758 5161 863 5226 curias
884 5182 950 5226 non
971 5160 1158 5227 habentium
1179 5162 1290 5247 cadat,
1322 5183 1381 5249 pro
1410 5183 1475 5250 qua
1496 5162 1621 5226 Decem
1644 5181 1753 5225 mnae
1775 5158 1959 5225 lubicenses
1982 5155 2157 5224 solueutur.
2203 5155 2283 5222 Item

624 5281 797 5344 eanonicus
820 5279 978 5346 destincte
1000 5279 1168 5368 prebende
1190 5281 1288 5348 habet
1311 5282 1431 5346 curiam
1459 5301 1517 5346 sue
1544 5277 1713 5366 prebende
1736 5280 1997 5365 jocorporatam,
2029 5274 2182 5342 videlicet
2212 5295 2283 5340 eam
