5088 6416
1085 859 1118 913 1.

315 991 428 1056 blac
449 989 580 1056 Melae·
597 989 737 1076 prbeops'
755 989 954 1056 &edmundo
975 1003 1004 1057 at
1024 992 1158 1078 caps'trds'
1175 991 1446 1060 Hudcreleot‘eneis
1468 989 1659 1056 donaa'ooem
1680 989 1893 1078 euprads'ctom

1008 1121 1187 1196 mamaea.

1688 1233 1767 1296 1414,
1784 1230 1865 1298 April.
1957 1255 1963 1270 =

275 1365 366 1431 Erici
386 1365 488 1451 Regis
525 1365 656 1430 donatio
678 1363 766 1430 Juris
788 1364 983 1430 Patronatus
1004 1362 1164 1430 Ecclesie
1187 1345 1281 1452 &shy
1309 1363 1351 1430 ad
1379 1364 1562 1430 Ecclesiam
1586 1363 1801 1451 collegiatam
1822 1365 1934 1431 Beata

275 1483 387 1550 Mariae
409 1484 443 1548 in
464 1483 662 1570 Hatlrerslef,
683 1481 770 1547 unde
794 1481 979 1570 Capitulum
1000 1483 1085 1568 Regi
1114 1482 1277 1548 concessit
1300 1487 1584 1570 presentationem
1611 1481 1655 1548 ad
1675 1506 1775 1550 unum
1797 1483 1936 1550 Canoni-

714 1609 821 1667 catum
844 1610 877 1666 et
898 1599 1114 1666 Praebendam
1135 1600 1169 1665 in
1191 1601 1308 1666 eadem
1330 1600 1489 1666 Ecclesia.

425 1721 595 1788 Universis
622 1729 656 1786 et
684 1715 819 1806 singulis
847 1719 947 1785 Cristi
973 1718 1125 1785 fidelibus
1152 1718 1196 1783 ad
1223 1740 1305 1806 qvos
1332 1728 1503 1806 presentes
1530 1719 1623 1786 litere
1645 1721 1870 1808 pervenerint,
1903 1727 1937 1786 et

274 1841 446 1927 presertim
468 1861 551 1928 qvos
573 1839 811 1926 infrascriptum
833 1839 937 1924 tangit
956 1838 1129 1924 negocium
1152 1858 1211 1902 seu
1233 1847 1369 1923 tangere
1390 1839 1512 1924 poterit
1535 1838 1778 1926 quomodolibet
1799 1840 1833 1905 in
1853 1839 1937 1906 futu·

275 1981 362 2042 ram,
399 1958 567 2024 Johannes
599 1958 653 2023 dei
681 1967 720 2033 et
741 1954 918 2044 apostolice
940 1955 1029 2020 sedis
1058 1957 1164 2042 gratia
1184 1957 1368 2043 Episcopus
1390 1955 1613 2022 sleswicensis
1647 1957 1791 2023 Salutem
1820 1959 1854 2023 in
1881 1957 1937 2024 do·

275 2079 361 2142 mino
391 2077 620 2164 sempiternam
648 2085 681 2141 et
707 2073 914 2163 presentibus
942 2073 1108 2140 indubiam
1132 2073 1356 2140 credulitatem
1378 2073 1545 2140 adhibere.
1589 2075 1742 2161 Vestras,
1775 2087 1809 2142 et
1832 2079 1937 2166 cujus-

275 2195 356 2263 libet
376 2203 521 2262 vestrum
543 2193 773 2260 discretionem
796 2193 838 2258 de
861 2204 971 2260 cetero
993 2193 1141 2260 volumus
1164 2214 1230 2258 non
1252 2192 1369 2277 latere,
1403 2193 1525 2260 litteras
1555 2195 1753 2260 serenissimi
1781 2196 1936 2283 principis

276 2315 398 2380 domiui
423 2313 571 2400 gloriosi,
605 2312 726 2378 domini
753 2311 843 2378 Erici
870 2311 1039 2379 Dacorum
1061 2311 1253 2378 swevorum
1274 2305 1467 2378 Noricorum
1489 2309 1661 2378 Slavorum
1685 2311 1931 2401 Gothorumque

276 2433 377 2518 Regis
406 2441 439 2497 et
465 2432 568 2497 Ducis
590 2431 782 2497 Pomeranie
815 2451 881 2496 non
917 2430 1053 2496 abrasas
1088 2453 1154 2495 non
1189 2429 1385 2496 cancellatas
1410 2451 1477 2496 non
1506 2440 1675 2518 suspectas
1704 2453 1769 2496 non
1798 2433 1933 2498 viciatus

276 2573 383 2639 neqve
402 2549 539 2617 abolitas
552 2571 614 2615 nec
625 2551 658 2614 in
669 2548 778 2636 aliqva
788 2551 838 2614 sui
848 2558 942 2636 parte
960 2549 1151 2637 suspicionis
1162 2549 1321 2616 maculam
1332 2547 1502 2632 habentes,
1524 2547 1584 2614 sed
1599 2571 1733 2637 prorsus
1748 2531 1833 2615 omni
1850 2551 1937 2616 vicio

278 2679 310 2736 et
338 2669 521 2756 suspicione
550 2675 713 2752 carentes,
745 2667 850 2753 Regio
879 2688 938 2732 suo
967 2665 1072 2752 sigillo
1099 2690 1244 2755 appenso
1274 2689 1352 2733 cera
1379 2670 1522 2734 exterius
1551 2668 1668 2755 glauca
1695 2669 1828 2734 interius
1856 2688 1936 2733 vero

276 2788 380 2854 rubea
401 2797 596 2870 concavato,
634 2795 667 2851 et
687 2785 836 2873 pressula
857 2807 1078 2872 pergamenea
1100 2786 1271 2873 sigillatas,
1297 2808 1358 2852 nos
1380 2808 1452 2850 curn
1476 2807 1515 2850 ea
1537 2809 1602 2874 qva
1623 2787 1731 2853 decuit
1752 2788 1938 2854 reverentia

277 2908 453 2994 recepisse.
498 2904 599 2971 Cuius
620 2914 716 2969 tenor
738 2904 779 2969 de
802 2904 904 2970 verbo
928 2903 971 2968 ad
993 2903 1131 2970 verbum
1153 2907 1299 2992 sequitur
1321 2913 1356 2971 et
1377 2914 1427 2970 est
1448 2903 1531 2970 talis.

635 3059 698 3126 (Hic
714 3061 819 3110 insertae
836 3065 897 3110 aaut
912 3060 996 3112 literae
1013 3061 1194 3128 praecedentes
1213 3061 1245 3112 de
1263 3077 1331 3112 anno
1351 3062 1431 3126 1414,
1450 3063 1474 3111 1.
1491 3058 1582 3124 Febr.)

426 3195 506 3262 Post
529 3215 664 3282 quarum
686 3193 817 3280 qvidem
839 3192 1004 3260 literarum
1026 3196 1301 3282 presentationem
1318 3195 1539 3281 receptionem
1556 3196 1790 3281 perlectionem
1812 3201 1844 3260 et
1869 3192 1937 3258 dili·

277 3324 408 3400 gentem
436 3314 704 3380 auscultationem
726 3313 794 3378 Nos
815 3335 895 3378 vero
917 3313 1084 3380 Jobauues
1106 3313 1290 3401 Episcopus
1312 3325 1508 3379 memoratus
1530 3311 1675 3398 regalem
1697 3323 1730 3378 et
1751 3311 1846 3380 laude
1870 3313 1939 3398 dig·

276 3455 352 3500 nam
374 3432 580 3498 devotionem
611 3429 688 3496 dicti
710 3429 833 3495 domini
852 3431 953 3517 Regis
976 3433 1145 3498 sinceriter
1167 3432 1389 3514 attendentes,
1421 3429 1603 3496 huiusmodi
1634 3431 1840 3496 donationem
1863 3453 1937 3496 con-

280 3552 460 3618 cessionem
494 3558 527 3614 et
560 3551 855 3637 incorporationem
888 3551 984 3615 saluti
1011 3572 1189 3636 congruam
1217 3559 1424 3637 acceptamus
1453 3547 1669 3636 approbamus
1703 3551 1938 3616 auctorizamus

278 3669 489 3754 ratificamus,
523 3679 556 3734 et
581 3670 710 3734 nomine
741 3667 795 3732 dei
823 3669 987 3734 invocatov
1003 3667 1166 3734 ordinaria
1194 3669 1383 3736 auctoritate
1413 3668 1638 3734 confirmamus
1666 3670 1700 3734 in
1728 3668 1788 3734 hiis
1811 3669 1939 3755 scriptis

279 3789 445 3876 perpetuis
465 3786 666 3875 temporibus
689 3785 860 3872 duraturis,
883 3810 922 3853 ac
944 3797 1099 3875 quantum
1121 3789 1154 3854 in
1175 3785 1269 3852 nobis
1292 3795 1357 3871 est,
1386 3787 1505 3852 dictam
1525 3786 1743 3874 parochialem
1766 3785 1938 3852 ecclesiam

280 3907 313 3971 in
342 3888 436 3994 drby
458 3906 544 3972 dicto
572 3915 684 3970 nostro
713 3904 864 3991 Capitulo
886 3905 1036 3972 Ecclesie
1057 3907 1161 3971 Beate
1184 3905 1287 3971 Marie
1312 3906 1458 3992 Virginis
1479 3905 1794 4002 Hathepslev(ensis)
1823 3925 1939 3991 appro-

280 4027 424 4112 priantes
451 4027 710 4112 incorporamus,
744 4024 848 4089 forma
878 4035 912 4090 et
939 4025 1009 4090 iure
1032 4023 1183 4089 etmodo
1206 4023 1323 4111 qvibus
1345 4027 1523 4112 poterimus
1545 4023 1732 4090 melioribus
1754 4025 1788 4089 in
1810 4024 1938 4089 effectu.

280 4143 417 4208 Proviso
439 4152 563 4225 tamen,
595 4141 683 4230 qvod
705 4164 850 4228 congrua
872 4145 977 4231 portio
999 4165 1059 4231 per
1080 4164 1140 4208 nos
1162 4141 1307 4209 taxanda
1328 4152 1478 4210 servetur
1500 4143 1621 4209 Curato
1644 4142 1729 4208 dicte
1752 4142 1896 4208 Ecclesie
1919 4164 1940 4207 a

280 4260 374 4328 nobis
402 4260 615 4345 instituendo,
647 4282 689 4326 ne
716 4260 811 4348 plebs
837 4261 1031 4354 parochialis
1060 4259 1183 4328 iuribus
1213 4262 1452 4348 parochialibus
1481 4271 1514 4327 et
1544 4261 1690 4327 serviciis
1718 4259 1937 4344 defraudetur,

282 4379 509 4445 Cathedratico
532 4388 643 4445 nostro
667 4388 700 4444 et
722 4379 792 4444 aliis
814 4379 937 4446 iuribus
959 4379 1207 4468 Episcopalibus
1237 4403 1366 4470 semper
1388 4381 1497 4447 salvis.
1540 4380 1679 4468 Insuper
1701 4378 1852 4444 dilectum
1876 4378 1937 4443 Oa·

280 4497 413 4586 pitulum
434 4508 580 4564 nostrum
591 4497 914 4587 Hatbersleveu(se),
936 4509 969 4565 et
985 4498 1111 4586 singule
1128 4521 1269 4587 persone
1288 4501 1433 4566 eiusdem
1454 4509 1681 4586 comparentes
1704 4519 1814 4563 coram
1834 4498 1939 4580 nobis,

281 4615 486 4682 attendentes
516 4616 604 4704 qvod
631 4618 795 4702 gratitudo
829 4620 870 4684 sit
900 4620 1039 4685 omnium
1067 4619 1220 4684 virtutum
1241 4621 1397 4706 magistra
1418 4628 1522 4685 mater
1543 4627 1577 4683 et
1599 4617 1741 4698 domina,
1774 4617 1940 4703 ingemet

281 4735 433 4800 devotam
455 4756 702 4822 recompensam
722 4735 831 4801 facere
855 4747 1041 4824 satagentes
1064 4737 1150 4802 dicte
1171 4738 1275 4824 Regia
1298 4738 1487 4822 Serenitati,
1513 4758 1623 4802 coram
1644 4734 1739 4802 nobis
1762 4735 1939 4802 liberaliter

281 4853 463 4920 offerebant
496 4853 727 4941 canonicum)
762 4864 794 4920 et
822 4855 1022 4943 prebendam
1055 4878 1136 4944 qvos
1164 4855 1327 4922 meliorari
1348 4858 1520 4942 contigerit
1542 4877 1584 4921 ex
1607 4855 1694 4921 dicta
1714 4856 1819 4942 Regia
1841 4855 1939 4922 dona-

280 4973 384 5056 tione,
423 4971 688 5038 concurrentibus
721 4975 807 5040 votis
844 4975 983 5042 omnium
1010 4976 1249 5063 suppositorum
1279 4975 1356 5042 dicti
1383 4975 1524 5062 Capituli
1551 4985 1676 5041 matura
1704 4973 1936 5041 deliberatione

314 5275 337 5342 ¹)
355 5277 520 5345 Legendum:
538 5279 724 5332 moserano.

348 5405 550 5455 natantes).
585 5409 659 5460 rut-r.
