5088 6416
631 665 651 732 8

587 866 785 954 Beyerholm
807 865 850 931 ad
871 889 965 932 vsum
988 867 1226 931 Canonicorum
1252 865 1573 951 Hedersleuensium,
1600 869 1635 934 si
1657 869 1816 934 Dominus
1838 869 2004 934 Johannes
2026 867 2195 933 Michaelis
2217 877 2251 932 et

589 985 642 1051 alii
671 985 828 1051 Canonici
854 984 1015 1050 voluerint
1046 986 1118 1072 ipsa
1145 984 1231 1048 bona
1265 984 1438 1051 redimere.
1493 987 1573 1052 Item
1604 987 1749 1052 Heurioo
1778 986 1921 1052 Scroder
1950 993 1965 1052 l
1997 1008 2139 1050 marcam
2166 985 2248 1050 Lub.

588 1105 670 1170 Item
704 1105 802 1169 Petro
838 1102 932 1169 Land
965 1107 981 1168 1
1022 1101 1181 1168 balistam.
1236 1104 1317 1169 Item
1344 1104 1486 1170 Johanni
1517 1106 1659 1191 Jepsson
1694 1127 1791 1170 vnum
1825 1105 1985 1170 balistam.
2039 1106 2122 1170 Item
2151 1105 2250 1170 Petro

589 1222 734 1310 Hyrdhae
755 1244 854 1288 vnum
876 1223 1062 1306 jumentum.
1116 1221 1198 1286 Item
1220 1221 1363 1288 Iohanni
1384 1221 1537 1288 Nielsson
1558 1223 1637 1290 VIII
1660 1223 1718 1288 sol.
1742 1222 1836 1288 Luh..
1891 1224 1973 1289 Item
1996 1225 2101 1288 sorori
2123 1245 2194 1288 mee
2216 1224 2249 1287 in

590 1340 729 1406 claustro
766 1342 782 1405 l
815 1363 957 1405 marcum
985 1342 1122 1426 argenti.
1167 1343 1245 1406 Item
1268 1342 1371 1406 sorori
1394 1363 1466 1406 mee
1495 1343 1527 1406 in
1550 1341 1642 1429 Fyen
1669 1365 1811 1430 pannum
1839 1342 1880 1406 ad
1904 1341 2135 1407 sufficienciam
2157 1343 2250 1406 vuius

588 1460 707 1524 tunice.
761 1459 844 1524 Item
871 1459 1006 1524 Nioolao
1029 1459 1171 1545 Deghen
1199 1461 1367 1546 capucium
1390 1482 1507 1524 meum.
1569 1461 1649 1526 Item
1672 1459 1807 1525 Nicolae
1830 1459 2023 1525 Anderssou
2053 1462 2068 1524 1
2093 1459 2250 1542 balistam,

590 1597 686 1664 quam
710 1575 800 1642 dedit
821 1577 897 1642 mlhi
918 1578 1077 1642 Dominus
1099 1579 1239 1664 Magnus
1261 1578 1412 1662 Lauson,
1436 1587 1469 1642 et
1498 1581 1514 1642 l
1544 1600 1604 1664 par
1626 1578 1813 1672 caligarum.
1860 1578 1943 1643 Item
1966 1579 2106 1644 Domino
2129 1579 2250 1663 Magno

588 1695 728 1759 Lawson
749 1695 840 1760 militi
861 1717 959 1760 vnum
982 1695 1134 1761 annulum
1157 1717 1301 1762 aureum.
1349 1695 1431 1760 item
1452 1696 1587 1760 Andrce
1608 1696 1785 1762 Kuudsson
1815 1700 1831 1761 l
1863 1717 1952 1761 orum
1982 1719 2121 1762 annone.
2165 1697 2250 1761 Exc-

591 1822 719 1878 cutores
747 1813 841 1878 huius
864 1814 1064 1880 Testamenti
1094 1817 1253 1881 constituo
1276 1815 1450 1879 Dominum
1478 1813 1660 1879 Iohannem
1689 1814 1857 1880 Michaelis
1887 1815 2086 1880 Canonicum
2109 1815 2251 1880 Haders-

589 1932 756 1997 lonensem
791 1942 824 1996 et
850 1932 980 1996 Ericum
1009 1933 1173 1998 Peterson.
1230 1933 1392 2020 Scriptum
1426 1933 1522 1997 Anno
1553 1933 1684 1998 Domini
1712 1933 1893 1998 MCDXIII
1927 1945 2041 2020 quarta
2067 1934 2149 1998 feria
2176 1944 2250 1998 ante

588 2051 706 2115 festum
734 2052 910 2116 natiuitatis
938 2049 1036 2115 beate
1058 2051 1161 2115 Maris
1191 2051 1337 2136 virginis.
1392 2051 1429 2116 In
1458 2051 1549 2116 cuius
1576 2053 1625 2116 rei
1648 2051 1849 2117 euidenoiam
1877 2051 2025 2138 Sigillum
2053 2075 2160 2116 meum
2187 2075 2251 2116 vna

504 2187 507 2195 ’
591 2191 664 2235 cum
693 2169 805 2255 sigillis
832 2171 976 2234 virorum
1006 2168 1220 2234 discretorum
1247 2169 1379 2264 Domini
1405 2169 1563 2234 Johaunis
1591 2170 1759 2235 Michaelis
1783 2170 1940 2235 Canonici
1968 2166 2251 2250 Hadcrsleueusis,

589 2288 678 2354 Erici
699 2289 789 2354 Petri
816 2289 968 2374 armigeri
994 2289 1229 2376 predictorum,
1260 2309 1323 2351 nec
1351 2309 1417 2352 non
1445 2288 1579 2354 Andree
1607 2288 1801 2377 parochialis
1829 2267 1863 2352 in
1892 2287 2017 2374 Heyels
2044 2285 2250 2372 presentibus

590 2418 640 2473 est
661 2429 849 2494 appensum.
893 2407 976 2472 Item
998 2407 1147 2471 conuiuio
1171 2405 1267 2471 beate
1287 2407 1390 2471 Maris
1413 2408 1548 2493 virginis
1570 2409 1603 2472 in
1620 2406 1903 2502 Hedersleffllego
1929 2409 1944 2470 l
1970 2425 2059 2469 oram
2082 2425 2218 2468 annone.

1947 2527 2070 2593 (RegIstr.
2089 2526 2185 2591 Capiat

1405 2846 1435 2904 8.

755 2985 984 3050 mmmmm·
1001 2985 1100 3070 repis,
1123 2984 1233 3069 pathus
1255 2985 1390 3070 capitulo
1414 2982 1673 3052 Huderslecsbasi
1691 2983 1848 3048 sedatium
1874 2962 1958 3068 Daby
1980 2981 2083 3046 doum.

1973 3138 2053 3200 1414,
2073 3136 2184 3187 1Fsbr.

634 3279 744 3343 Litera
765 3226 972 3340 illustrissimi
993 3275 1124 3340 Domini
1146 3274 1235 3338 Erici
1257 3274 1357 3359 Regis
1379 3274 1483 3339 Dacia
1507 3271 1696 3337 donacionis
1724 3291 1823 3357 super
1844 3269 2028 3335 Ecclesiam
2049 3272 2081 3334 in
2105 3251 2208 3356 lisby.

742 3395 810 3458 Nos
832 3395 949 3459 Erieus
970 3392 1035 3457 Dei
1062 3393 1173 3478 gracia
1194 3393 1382 3477 Regnorum
1404 3393 1507 3458 Dacis
1530 3391 1656 3458 Suecie
1678 3389 1852 3474 Norwegie
1877 3387 2048 3454 Slauorum
2072 3388 2254 3454 Gottornm-

591 3538 656 3602 que
679 3515 753 3579 Rex
775 3521 807 3576 et
829 3513 907 3577 Dux
925 3512 1150 3594 Pomarcnsis,
1171 3510 1341 3577 Vniuersis
1364 3521 1398 3576 et
1420 3509 1555 3596 singulis
1577 3509 1748 3596 presencia
1770 3508 1993 3594 conspecturis
2016 3509 2161 3593 cupimus
2183 3509 2253 3573 fore

592 3645 712 3716 notum,
734 3631 821 3718 quod
843 3629 987 3695 diuinum
1010 3629 1128 3694 cultum
1146 3629 1301 3716 ampliare
1322 3638 1518 3714 satagentes,
1538 3629 1579 3693 de
1597 3649 1759 3693 consensu
1773 3627 1960 3692 Reuerendi
1981 3627 2014 3691 in
2034 3627 2136 3690 Cristo
2154 3627 2253 3714 patris

592 3774 631 3816 ac
659 3751 779 3814 domini
799 3749 930 3813 Domini
951 3749 1108 3813 Johannis
1127 3747 1282 3834 Episcopi
1305 3747 1544 3829 Sleswicensis,
1566 3745 1809 3812 honorabilibus
1831 3747 1908 3810 viris
1932 3767 1971 3810 ac
1995 3745 2147 3828 dominis,
2171 3745 2254 3810 Can-

594 3871 656 3934 tori
689 3869 812 3954 totique
842 3866 991 3953 Capitulo
1021 3865 1158 3931 ecclesie
1187 3864 1282 3930 beate
1306 3867 1408 3931 Maris
1435 3867 1470 3930 in
1497 3864 1701 3931 Hadersleue
1731 3864 1816 3930 dicte
1846 3863 2070 3930 Sleswicensis
2105 3864 2254 3946 diocesis,

593 3984 800 4052 concedimus
823 3985 936 4052 damus
959 3984 1116 4050 donamus
1139 3994 1170 4050 et
1193 3995 1346 4071 quantum
1368 3985 1401 4048 in
1423 3984 1517 4050 nobis
1540 3996 1591 4048 est
1608 3986 1851 4071 incorporamus
1869 3983 1924 4070 jus
1946 3991 2144 4068 patronatus,
2167 3981 2253 4068 quod

593 4107 626 4169 in
644 4103 794 4170 Ecclesia
811 4085 905 4189 lisby
927 4104 1012 4168 dicte
1035 4104 1174 4168 diocesis
1197 4103 1240 4167 ad
1261 4125 1321 4167 nos
1344 4114 1492 4189 spectare
1516 4101 1703 4167 dinoscitur.
1747 4101 1894 4185 Prouiso,
1918 4097 2005 4187 quod
2028 4100 2060 4164 in
2084 4099 2170 4166 dicta
2192 4099 2254 4165 col-

593 4223 714 4310 legiata
736 4221 875 4287 ecclesia
897 4221 939 4286 ad
962 4223 1184 4287 canonicatum
1209 4231 1242 4285 et
1262 4220 1478 4308 prebendam,
1500 4244 1560 4309 pro
1583 4219 1700 4309 quibus
1722 4219 1930 4284 meliorandis
1953 4218 2134 4283 huiusmodi
2158 4217 2253 4283 dona-

594 4346 645 4408 oio
667 4341 753 4406 lacta
775 4349 839 4424 cst,
866 4341 1070 4427 presentacio
1093 4339 1136 4404 ad
1157 4361 1217 4404 nos
1240 4350 1273 4404 et
1295 4362 1502 4405 successores
1524 4350 1653 4405 nostros
1676 4346 1824 4426 spectare
1846 4337 2005 4419 noscitur,
2027 4335 2071 4401 Et
2092 4337 2253 4402 institucio

595 4472 628 4526 et
659 4459 864 4525 confirmacio
893 4459 934 4522 ad
963 4457 1125 4522 dominum
1148 4459 1347 4546 Episcopum
1374 4459 1566 4542 antefatum,
1598 4473 1634 4524 ut
1656 4467 1706 4523 est
1729 4457 1838 4521 moris.
1885 4454 2113 4542 Supplicentes
2136 4455 2253 4520 deuote

596 4581 765 4647 Sanctitati
781 4578 981 4644 sanctissimi
1004 4577 1125 4642 domini
1146 4577 1248 4642 nostri
1269 4577 1427 4644 Johannis
1449 4577 1574 4644 XXIII.
1597 4587 1632 4642 ut
1654 4574 1836 4641 huiusmodi
1857 4575 2159 4660 incorporacionem
2181 4597 2254 4640 con-

595 4701 724 4765 firmare
748 4698 908 4784 dignetur,
929 4694 1055 4760 meliori
1076 4695 1173 4760 modo
1198 4706 1230 4761 et
1251 4696 1364 4779 forma,
1388 4695 1505 4783 quihus
1527 4697 1598 4761 fieri
1620 4695 1749 4782 poterit,
1765 4695 1863 4780 juxta
1885 4715 2044 4758 canonum
2068 4694 2253 4775 sanniones,

597 4817 815 4883 cathedratico
845 4826 877 4880 et
899 4815 968 4879 aliis
985 4813 1114 4900 juribus
1137 4813 1386 4902 Episcopalibus
1410 4823 1443 4878 ct
1464 4814 1623 4900 prepositi
1644 4834 1774 4900 semper
1797 4811 1905 4877 saluis.
1949 4811 2070 4876 Datum
2092 4813 2124 4876 in
2148 4821 2253 4877 castro

596 4947 707 5001 nostro
735 4932 997 5019 Helsinghborch
1025 4931 1120 4996 Anno
1149 4932 1280 4997 Domini
1308 4933 1351 4997 M.
1367 4931 1496 4998 CCCC.
1509 4931 1615 4997 XIIII.
1649 4933 1682 4996 in
1711 4931 1855 5018 profesto
1889 4930 2121 5016 purificationis
2157 4929 2253 4995 beate

596 5054 699 5118 Maria
722 5053 866 5139 virginis,
888 5053 948 5118 sub
971 5061 1081 5128 nostro
1105 5061 1232 5116 secreto
1255 5049 1460 5138 presentibus
1483 5071 1638 5138 appenso.
1945 5069 2069 5136 (magistr.
2088 5069 2186 5134 capit.)
