5242 6414
1457 664 1500 731 24

650 866 863 934 existentibus
880 869 919 954 jn
939 867 1149 955 perlamentis
1172 876 1205 933 et
1225 867 1350 954 placitis
1371 867 1554 932 iusticiariis
1583 874 1616 930 et
1643 863 1851 950 generalibus
1879 872 2038 927 terrarum
2060 861 2163 926 Dacis
2186 859 2307 946 alloqu-

649 997 701 1052 tus
722 987 819 1051 fuerit
839 987 895 1050 vel
915 987 1127 1070 infestauerit,
1150 1007 1190 1050 ea
1211 1009 1309 1074 super
1331 985 1448 1073 quibus
1471 995 1503 1050 et
1524 1005 1584 1072 pro
1607 983 1723 1072 quibus
1747 984 1896 1070 loquitur,
1918 981 2022 1067 primo
2043 980 2161 1066 perdat
2182 987 2215 1044 et
2236 1000 2309 1044 cum

649 1106 711 1171 hoc
733 1106 910 1170 secundum
933 1105 1024 1190 leges
1047 1115 1134 1170 terre
1157 1103 1353 1169 emendabit.
1407 1104 1496 1170 item
1523 1113 1560 1168 vt
1585 1103 1764 1167 aduocatos
1793 1101 2019 1186 undecumque
2050 1098 2202 1163 oriundos
2228 1096 2307 1163 bun·
2324 1125 2357 1165 si.

652 1223 770 1290 donem
792 1223 846 1288 vel
868 1221 1009 1288 villicum
1032 1225 1228 1288 autenticum
1249 1221 1334 1288 illius
1356 1223 1487 1287 haeraeth
1509 1244 1602 1286 suum
1624 1221 1796 1286 substituat
1819 1218 1999 1284 officialem.
2054 1216 2100 1282 Vt
2120 1227 2227 1282 sutem
2249 1216 2310 1281 hcc

651 1345 759 1409 omnia
780 1355 813 1408 et
835 1341 962 1426 singula
982 1344 1141 1427 premissa
1162 1343 1311 1429 perpetui
1332 1340 1459 1406 roboris
1482 1340 1649 1406 obtineant
1668 1339 1852 1404 firmitatem
1875 1347 1908 1402 et
1929 1337 2108 1424 pleniorem
2131 1335 2310 1400 sortiantur

652 1462 802 1527 effectum
824 1483 863 1526 ac
883 1483 944 1548 per
966 1483 1025 1525 nos
1049 1481 1160 1524 omnes
1183 1451 1216 1524 et
1237 1459 1382 1545 singulos
1403 1459 1488 1523 inira
1510 1459 1647 1545 scriptos
1670 1465 1702 1522 et
1725 1455 1902 1544 quemlibet
1922 1464 2067 1520 nostrum
2083 1453 2205 1518 firmius
2223 1461 2311 1517 tene-

651 1591 754 1663 antur,
775 1601 836 1644 nos
853 1578 1029 1644 Niebolaus
1051 1578 1312 1664 archiepiscopus
1330 1577 1513 1642 Lundcnsis
1532 1576 1648 1642 Suecie
1669 1577 1801 1663 primas,
1822 1574 1989 1639 Johannes
2006 1573 2167 1659 Ripensis,
2190 1570 2312 1637 011111

651 1698 847 1782 Α111111111,
869 1697 1044 1761 Nioholaus
1066 1695 1300 1780 Roekildeusis,
1328 1695 1429 1760 frater
1449 1693 1593 1762 Jacobus
1616 1693 1854 1780 Wibergensis,
1885 1693 2002 1759 Sweno
2025 1690 2258 1777 Burglanensis
2280 1699 2313 1754 et

653 1816 882 1882 Woldemarus
905 1815 1113 1881 Othoniensis
1137 1814 1190 1879 dei
1212 1817 1324 1900 gracia
1345 1814 1553 1880 ecclesiarum
1576 1815 1731 1900 episcopi,
1754 1813 1945 1898 Henningus
1966 1811 2006 1875 de
2021 1807 2203 1875 Pudbuake
2227 1807 2314 1894 dapi-

652 1936 719 2018 fer,
748 1934 907 2000 Elrardus
929 1933 1064 1999 Moltike
1087 1934 1300 2018 marscalcus,
1324 1933 1404 1998 Two
1428 1932 1533 1998 Galen
1555 1933 1718 2019 prefectus
1741 1927 1874 2015 Scanie,
1907 1930 2025 1996 Petrus
2047 1928 2165 2010 Munk,
2197 1926 2314 1992 Petrus

654 2053 814 2138 Grubbae,
837 2053 1034 2119 Oristiernus
1057 2052 1244 2134 Vendelb0‚
1267 2052 1434 2118 iohannes
1455 2051 1663 2136 Andersson,
1686 2050 1852 2115 iohannes
1874 2047 2060 2132 Nielesson,
2082 2045 2233 2112 Andreas
2257 2044 2314 2110 Vf-

654 2173 748 2256 fonis,
770 2170 914 2238 1111111
938 2170 1042 2255 01111,
1067 2170 1190 2236 011111
1212 2172 1395 2256 Bydrnson,
1418 2170 1568 2236 Andreas
1586 2167 1703 2234 iacobi
1727 2179 1759 2232 et
1776 2167 1973 2254 Holmgerus
1994 2165 2120 2250 milites,
2144 2162 2314 2230 Conradus

654 2290 805 2374 Moltilse,
832 2288 949 2353 Erieus
971 2289 1144 2354 Nielesson
1166 2289 1207 2354 de
1228 2287 1502 2375 Hyrningsholm,
1533 2287 1718 2354 Thorkillus
1741 2287 1912 2352 Nielesson
1934 2296 1966 2352 et
1988 2285 2138 2351 Andreas
2160 2284 2252 2348 Petri
2273 2281 2314 2347 de

656 2407 887 2489 Swanaeholm,
909 2409 1076 2491 armigeri,
1098 2407 1303 2494 presentibus
1326 2407 1440 2472 litteris
1463 2405 1570 2490 sigilla
1589 2415 1701 2470 nostra
1724 2405 1873 2470 duximus
1895 2404 2099 2492 apponenda.
2144 2404 2262 2468 Actum
2283 2409 2316 2466 et

655 2528 766 2594 datum
788 2548 873 2592 anno
897 2524 948 2589 die
972 2534 1006 2589 et
1026 2524 1098 2590 loeo
1121 2527 1325 2612 supradictis.
1370 2526 1438 2591 Nos
1460 2527 1558 2611 igitur
1581 2524 1704 2590 Olauus
1727 2522 1781 2588 dei
1802 2523 1914 2608 gracia
1934 2525 2102 2589 Danorum
2126 2521 2316 2588 Sclauorum

657 2647 836 2713 Gothorum
860 2665 922 2731 que
944 2666 1006 2708 rex
1028 2665 1140 2708 omnes
1162 2645 1326 2730 predictos
1349 2643 1500 2709 articulos
1524 2643 1702 2708 secundum
1730 2643 1861 2708 modum
1891 2652 2069 2730 pretactum
2091 2638 2317 2706 inuiolabiliter

655 2786 716 2830 nos
738 2761 912 2828 bonafide
934 2761 1149 2849 promittimus
1172 2762 1410 2846 obseruaturos,
1433 2761 1643 2844 ratificantes,
1666 2762 1884 2848 approbantes
1907 2771 1941 2826 et
1958 2761 2185 2826 confirmantes
2205 2779 2317 2824 omnes
2423 2805 2426 2812 .

656 2885 759 2969 leges,
776 2882 862 2969 jura,
883 2879 1063 2969 priuilegia,
1088 2889 1215 2966 statuta,
1237 2880 1468 2966 handfestning
1490 2890 1522 2945 ct
1544 2879 1711 2945 libertates
1727 2901 1787 2966 per
1804 2879 2057 2968 predecessores
2074 2888 2203 2943 nostros
2219 2897 2317 2961 reges

658 3001 761 3068 Dacis
784 2998 1040 3087 quibuscumque
1064 2999 1164 3085 ipsius
1187 3001 1281 3086 regni
1299 2999 1435 3085 jncolis,
1458 2999 1585 3064 clericis
1608 3008 1640 3063 et
1661 2998 1753 3064 laicis
1777 2998 1854 3064 data
1876 3007 1908 3063 et
1930 3019 2097 3063 concessa.
2150 2996 2218 3062 Nos
2242 3018 2317 3084 quc·

657 3139 721 3210 qus
743 3119 914 3206 Haquinus
943 3117 997 3181 dei
1025 3118 1137 3202 gracia
1165 3140 1226 3183 rex
1248 3118 1366 3183 Sueoie
1389 3128 1421 3184 ct
1442 3118 1617 3204 Norwegie
1649 3127 1681 3183 et
1703 3117 1892 3204 Margareta
1920 3116 2034 3180 eadem
2064 3117 2177 3203 gracia
2204 3117 2318 3202 regina

656 3240 778 3306 ibidem
805 3258 870 3303 vna
899 3259 972 3301 cum
1000 3235 1086 3301 dicto
1116 3236 1245 3301 domino
1269 3236 1374 3302 Olauo
1395 3257 1476 3324 rege
1498 3237 1601 3300 Dacie
1628 3234 1695 3300 filio
1723 3246 1835 3301 nostro
1862 3235 2034 3300 karissimo
2056 3257 2115 3322 pro
2134 3232 2317 3322 jnuiolabili

658 3357 891 3424 obseruacione
915 3357 1056 3420 omnium
1076 3356 1307 3441 premissorum
1328 3357 1542 3442 promittimus
1564 3355 1651 3420 bona
1678 3354 1757 3438 fide,
1790 3353 1897 3440 sigilla
1922 3364 2034 3419 nostra
2061 3376 2126 3419 vna
2155 3377 2228 3418 cum
2256 3373 2313 3420 suo

657 3473 863 3562 presentibus
884 3471 998 3538 litteris
1019 3475 1053 3538 in
1076 3472 1211 3538 euidens
1232 3475 1449 3540 testimouium
1471 3482 1505 3539 et
1526 3473 1685 3538 cautelam
1705 3472 1880 3538 firmiorem
1902 3471 1943 3537 de
1968 3483 2057 3538 certa
2079 3481 2191 3538 nostra
2213 3473 2314 3537 scien·

659 3594 710 3659 cia
730 3599 942 3679 apponentes.

1475 3777 1507 3834 8.

934 3912 1042 3976 Altera
1064 3913 1237 3977 constitutio
1262 3910 1358 3978 Oloai
1375 3914 1465 3999 repis,
1488 3911 1538 3976 die
1554 3913 1661 3997 prinae
1682 3913 1815 3998 111111)
1837 3919 1921 3978 1377
1942 3911 2045 3977 doto&

815 4064 972 4131 Omnibus
999 4086 1136 4152 presens
1166 4065 1320 4151 scriptum
1350 4064 1558 4129 cernentibus
1587 4063 1710 4129 Olauus
1740 4065 1793 4129 dei
1822 4067 1934 4150 gracia
1961 4066 2128 4131 Danorum
2152 4063 2321 4130 Slauorum

663 4183 907 4270 Gothorumque
929 4206 999 4266 rex,
1022 4183 1208 4268 Margareta
1231 4182 1345 4247 eadem
1368 4183 1480 4266 gracia
1501 4182 1627 4247 Swecie
1650 4192 1683 4248 et
1703 4183 1878 4270 Norwegie
1901 4185 2024 4270 regina,
2052 4181 2204 4248 Nicolaus
2227 4183 2320 4247 mise·

662 4305 793 4369 racione
827 4301 937 4366 diuina
968 4301 1231 4389 archiepiscopus
1263 4301 1455 4366 Lwndsnsis
1489 4301 1615 4367 Sweoie
1646 4303 1782 4389 primas,
1820 4279 1997 4368 lohannes·
2021 4302 2187 4389 Ripensis,
2219 4301 2321 4366 frater

663 4418 809 4487 Jacobns
831 4418 1055 4506 Vibergensis,
1081 4418 1204 4485 Olauus
1225 4421 1421 4504 Arusiensis,
1450 4419 1601 4486 Nicolaus
1623 4419 1868 4507 Roskyldensis,
1892 4423 2010 4489 Sweno
2032 4421 2267 4523 Burglanensis
2289 4428 2322 4484 et

664 4575 920 4584 ...—--—-----—
930 4575 1066 4582 --..-—-

733 4673 744 4706 ¹
761 4673 802 4722 Ex
820 4671 910 4722 codice
928 4674 1125 4726 membranaceo
1144 4675 1300 4742 Magnseane
1318 4676 1345 4725 in
1363 4678 1405 4726 Svo
1422 4693 1464 4727 no.
1484 4679 1530 4741 16,
1554 4677 1668 4744 eleganti
1686 4681 1713 4727 11
1729 4681 1864 4742 accurato,
1887 4678 1974 4744 legem
1989 4679 2105 4728 Juticam
2123 4691 2185 4728 cnm
2202 4679 2322 4728 versione

663 4757 758 4808 Latina
783 4762 809 4807 et
826 4757 916 4824 glossa
932 4759 1029 4810 Ksnuti
1047 4762 1162 4826 episcopi
1186 4762 1347 4826 continente,
1372 4763 1465 4827 quibus
1483 4764 1531 4812 snb
1550 4763 1626 4813 linem
1645 4762 1746 4812 11111111
1764 4763 1910 4814 Thordonis
1929 4769 1955 4813 11
1972 4763 2092 4814 collectio
2110 4765 2323 4814 constitutionum

664 4846 793 4911 reg-iarum
808 4844 1005 4911 subiunguntur.
1037 4847 1175 4896 Variantes
1193 4845 1317 4897 lectiones
1336 4862 1368 4896 cx
1387 4847 1476 4898 codice
1495 4849 1652 4914 Magnaeano
1671 4847 1809 4898 chartaceo
1827 4865 1868 4898 no.
1880 4851 1911 4898 21
1930 4850 1957 4898 in
1976 4852 2022 4914 11,
2047 4850 2118 4899 circa
2138 4851 2206 4899 1475
2225 4851 2322 4914 scripto

664 4928 721 4994 (B),
748 4935 774 4978 11
796 4929 887 4979 111111
908 4930 1106 4982 membranaceo
1125 4931 1293 4982 Collectionis
1312 4932 1404 4998 Regias
1426 4933 1577 4998 antiquioris
1600 4935 1832 4996 1141113135,
1858 4933 1949 4984 eadem
1967 4949 2026 4999 quse
2044 4935 2215 5001 Magnaeanus
2233 4935 2323 4985 no.16

664 5016 813 5066 continente
831 5014 887 5078 (0),
909 5015 1058 5066 affanmtur.
1102 5019 1137 5068 Et
1153 5017 1196 5068 hic
1219 5018 1301 5068 codex
1320 5017 1340 5068 C
1364 5023 1452 5083 (quem
1470 5033 1486 5068 1
1502 5019 1624 5070 Johanne
1640 5019 1709 5068 Fn'is
1732 5019 1886 5071 1111111111
1911 5021 1967 5085 regi
1988 5018 2074 5070 electo
2092 5019 2231 5070 Frederico
2256 5021 2323 5070 1550

666 5115 724 5150 esse
742 5100 842 5163 datum,
868 5101 1023 5151 Fredericus
1046 5117 1094 5152 sua
1116 5103 1197 5167 ipsius
1220 5118 1297 5152 manu
1315 5103 1439 5166 notauit),
1465 5109 1492 5154 et
1509 5105 1679 5171 Magnaeanus
1697 5104 1741 5155 ille
1758 5121 1800 5155 no.
1813 5108 1857 5168 16,
1884 5111 1913 5155 vt
1930 5111 2026 5154 caetera
2043 5105 2203 5172 exemplaria
2220 5105 2318 5172 glossse

666 5185 828 5248 Kanutianoe,
846 5201 914 5236 anno
932 5185 1100 5237 mcdlxxxviii
1117 5187 1180 5237 feria
1197 5192 1271 5237 sexta
1288 5193 1348 5239 ante
1361 5188 1514 5239 dominicam
1529 5191 1593 5241 Esto
1605 5189 1686 5240 Michi
1703 5206 1732 5240 se
1749 5191 1845 5256 scripta
1863 5207 1920 5242 esse
1937 5194 2017 5254 aiunt,
2035 5195 2062 5240 et
2079 5206 2124 5240 eos
2138 5207 2232 5241 reuera
2244 5190 2322 5240 huius

667 5269 782 5320 eiusdem
801 5285 858 5320 esse
876 5273 961 5322 artatis
979 5287 1012 5322 ex
1030 5274 1156 5339 scriptura
1172 5278 1252 5339 patet.
