5002 6418
1817 709 1860 776 39

230 906 431 972 dominicam
454 907 614 976 aduentus
637 909 758 983 domini
778 892 964 976 immediate
986 913 1151 998 sequenti,
1190 909 1347 983 debemus
1376 919 1408 975 et
1435 908 1583 974 volamus
1609 913 1745 978 cantare
1773 911 1902 998 vigilias

230 1045 354 1090 nouem
377 1025 550 1093 lectionum
579 1029 612 1092 in
640 1046 765 1094 summo
793 1029 892 1094 cboro
921 1037 996 1116 post
1023 1001 1197 1118 vesperos,
1230 1037 1264 1094 et
1297 1029 1446 1114 sequenti
1479 1027 1532 1092 die
1564 1030 1695 1095 missam
1724 1032 1902 1096 animarum

231 1153 312 1210 ante
336 1165 494 1210 summum
517 1145 651 1212 chorum
672 1169 733 1234 pro
754 1146 945 1234 parentibus
968 1157 1001 1212 et
1022 1146 1287 1214 benefactoribus
1314 1147 1415 1233 ipsius
1445 1145 1566 1212 domini
1587 1148 1761 1214 Laurencii
1787 1159 1821 1214 et
1843 1171 1901 1236 pro

230 1261 384 1329 omnibus
408 1262 560 1329 fidelibus
583 1263 743 1334 detimctis
765 1265 907 1333 fideliter
936 1268 1058 1332 oraturi
1085 1289 1159 1332 cum
1187 1265 1335 1332 omnibus
1362 1263 1735 1351 presbiterismembris
1762 1267 1901 1333 ecclesie

228 1389 346 1446 nostre
370 1382 585 1449 existentibus
608 1391 641 1450 et
659 1385 824 1450 memoriis
846 1385 1005 1450 interesse
1029 1384 1208 1450 solentibus
1229 1407 1304 1452 cum
1327 1381 1542 1448 oblationibus
1570 1384 1603 1448 in
1623 1385 1723 1450 missa
1744 1385 1902 1472 predicto,

232 1508 268 1563 et
296 1499 378 1564 alias
412 1521 484 1565 cum
518 1502 667 1568 omnibus
701 1501 980 1589 solempnitatrbus
1011 1503 1103 1569 iuxta
1135 1503 1403 1571 consuetudinem
1437 1499 1576 1566 ecclesie
1609 1502 1809 1569 modernam.
1852 1505 1903 1570 Ita

231 1629 361 1702 mmen,
395 1619 484 1705 quod
510 1621 544 1684 iu
571 1621 672 1686 missa
692 1619 876 1686 huiusmodi
897 1621 1055 1687 habeatur
1076 1621 1216 1686 collecto
1236 1643 1296 1708 pro
1319 1620 1463 1707 peccatis
1492 1626 1524 1684 et
1546 1619 1602 1684 fiat
1623 1623 1780 1687 memoria
1800 1624 1902 1710 ipsius

235 1736 361 1802 domini
382 1737 550 1803 Laurentii
569 1739 655 1804 inter
675 1734 778 1822 riuos,
802 1747 930 1826 etpost
952 1739 1177 1827 Euangelium
1199 1741 1233 1804 in
1257 1737 1536 1806 commendatione
1559 1737 1602 1802 ad
1626 1739 1780 1826 populum
1802 1742 1903 1806 nomi-

230 1856 334 1921 natim
362 1857 474 1921 oretur
499 1877 559 1944 pro
588 1856 777 1946 quo[n]dam
805 1858 859 1944 pie
888 1859 1043 1923 memoris
1073 1857 1214 1924 Domino
1237 1857 1372 1922 Andrea
1398 1855 1440 1920 dc
1463 1853 1632 1942 Hoghelsc
1660 1858 1897 1945 predecessore

231 1997 293 2040 suo
318 1983 353 2038 et
374 1976 491 2040 ceteris
513 1975 696 2062 premissis,
724 1974 784 2040 sed
811 1984 984 2064 postquam
1006 1973 1069 2042 deo
1092 1968 1229 2042 iubente'
1248 1974 1353 2040 dictus
1376 1974 1525 2039 dominus
1547 1975 1748 2042 Laurencius
1775 1976 1817 2042 ab
1840 1977 1901 2042 bac

229 2091 305 2159 luce
330 2095 528 2179 migrauerit,
551 2101 672 2160 extunc
693 2103 840 2182 tempore
861 2105 1034 2182 prenotato
1058 2093 1271 2186 sumyigiliis
1295 2102 1328 2158 et
1347 2094 1465 2177 missis,
1487 2104 1522 2158 vt
1543 2094 1770 2180 prescribitur,
1799 2097 1901 2183 ipsius

230 2211 367 2278 Domini
383 2213 552 2278 Laurentii
571 2213 728 2278 memoria
749 2235 815 2278 vna
837 2236 910 2280 cum
932 2216 1118 2280 memoratis
1141 2213 1208 2278 suis
1230 2210 1420 2299 parentibus
1443 2220 1476 2276 et
1497 2205 1760 2280 benefactoribus
1783 2235 1903 2280 annua·

229 2332 289 2396 tim
317 2341 505 2418 peragetur.
559 2331 604 2396 Et
634 2334 823 2398 nominatim
855 2354 916 2419 pro
951 2333 1037 2398 dicto
1065 2331 1206 2397 Domino
1236 2331 1413 2396 Laurentio
1440 2329 1474 2395 in
1502 2333 1603 2396 missa
1631 2331 1813 2398 huiusmodi
1841 2331 1901 2398 sub
1947 2319 1951 2331 ’

231 2447 517 2515 commendatione
539 2448 666 2535 vulgari
700 2449 742 2516 ad
774 2451 929 2538 populum
962 2453 1026 2518 erit
1057 2449 1227 2516 orandum·
1247 2471 1319 2514 cum
1352 2450 1518 2537 premissis
1550 2449 1740 2538 parentibus
1773 2451 1840 2515 suis
1870 2458 1903 2516 et

231 2567 509 2633 benefactoribus.
558 2569 626 2634 Nos
648 2567 781 2656 insuper
804 2569 927 2636 Cantor
950 2578 983 2634 et
1007 2568 1191 2654 Capitulum
1219 2568 1396 2656 supradicti
1423 2589 1482 2654 pro
1510 2568 1644 2633 firmiori
1673 2567 1901 2634 obseruatione

230 2687 467 2774 premissorum
483 2694 682 2779 potestatem
706 2687 854 2754 dedimus
877 2697 909 2752 et
930 2709 991 2774 per
1012 2697 1182 2774 presentes
1211 2687 1325 2752 damus
1354 2687 1440 2752 dicto
1470 2687 1599 2752 domino
1628 2687 1803 2752 Laurentio
1834 2689 1901 2753 suis

230 2804 409 2871 heredibus
431 2805 484 2870 vel
506 2803 633 2870 literam
652 2816 799 2872 nostram
822 2802 1006 2870 huiusmodi
1028 2805 1070 2870 de
1093 2806 1259 2872 voluntate
1281 2807 1390 2892 ipsins'
1404 2805 1615 2888 habentibus,
1648 2805 1746 2887 Quod
1775 2807 1802 2870 si
1830 2829 1902 2893 pre

233 2925 335 2990 missa
358 2925 465 2989 omnia
484 2923 601 2990 futuris
623 2925 840 3012 temporiBus,
873 2923 962 3011 quod
983 2925 1075 2990 Deus
1100 2933 1241 3005 auertat,
1274 2946 1340 2988 non
1369 2922 1637 3010 obseruarentur,
1671 2922 1759 3011 quod
1781 2933 1902 2990 extunc

231 3041 379 3128 legitima
399 3044 576 3108 monitione
596 3043 796 3129 precedente
819 3042 954 3110 anobis
978 3053 1011 3108 et
1032 3043 1152 3108 nostris
1174 3041 1418 3107 successoribus
1446 3043 1574 3130 possint
1601 3049 1752 3129 repetere
1774 3041 1901 3130 predic-

232 3169 299 3226 tam
328 3181 485 3226 summum
512 3162 646 3246 triginta
676 3180 857 3226 marcarum
891 3172 924 3227 et
956 3161 1043 3226 illam
1076 3183 1137 3249 pro
1168 3163 1325 3226 memoria
1358 3161 1540 3227 huiusmodi
1558 3160 1781 3227 obseruanda
1814 3161 1901 3247 alibi,

231 3288 328 3366 prout
350 3280 429 3366 ipsis
450 3280 566 3346 melius
586 3279 768 3364 uidebitur,
799 3279 967 3367 deputare.
1017 3279 1214 3367 inquorum
1244 3257 1385 3344 omnium
1412 3279 1511 3346 fidem
1534 3289 1568 3346 et
1589 3279 1806 3364 testimonium
1827 3303 1901 3368 pre·

231 3408 343 3464 sentes
365 3397 476 3464 literas
498 3400 569 3463 fieri
598 3408 631 3463 et
658 3402 761 3465 nostri
789 3400 921 3486 capituli
949 3398 1046 3484 sigilli
1073 3400 1224 3463 iussimus
1253 3400 1452 3484 appensione
1481 3400 1607 3464 muniri.
1660 3399 1780 3464 Datum
1802 3401 1899 3464 Anno

231 3517 365 3581 Domini
393 3517 718 3583 Mocccnxnss.
747 3521 819 3605 ipso
849 3517 901 3583 die
932 3527 1117 3584 sanctorum
1145 3516 1286 3583 Simonis
1309 3526 1341 3582 et
1362 3516 1448 3583 dude
1476 3517 1723 3604 Apostolorum,
1755 3519 1789 3582 in
1821 3517 1895 3582 loco

230 3646 344 3700 nostro
367 3635 546 3723 capitulari.
1435 3648 1439 3656 '
1495 3655 1619 3723 (Regias.
1639 3653 1738 3722 Capit)

661 4009 777 4076 meac
798 4009 987 4096 capitalitio
1008 4011 1099 4075 m
1119 4009 1256 4095 dmm
1278 4009 1461 4080 canescenti.
1627 4097 1694 4147 mss
1718 4097 1809 4148 ssu

1695 4135 1702 4161 ,
1777 4113 1831 4148 Η.

305 4230 412 4320 Copia
429 4227 524 4297 litere
548 4230 623 4296 date
645 4231 787 4296 Domino
810 4230 972 4318 Gregorio
994 4229 1153 4296 Jobanm's
1176 4253 1276 4318 super
1297 4231 1387 4297 curia
1407 4231 1541 4296 Domini
1562 4231 1652 4296 Petri
1674 4229 1834 4297 Vbbonis.

383 4349 453 4414 Nos
487 4349 670 4444 Capitulum
705 4349 877 4434 collegiate
918 4349 1057 4414 ecclesie
1091 4349 1379 4435 Hedersleuensis,
1418 4349 1623 4415 attendentes
1662 4349 1801 4414 ecclesie
1840 4371 1898 4416 sue

236 4467 461 4555 dampnosum,
485 4467 615 4556 quando
637 4467 859 4534 habitaciones
881 4469 1100 4533 ministrorum
1122 4469 1222 4555 ipsius
1245 4467 1455 4534 deuastantur
1478 4477 1511 4533 et
1531 4489 1597 4533 non
1619 4469 1652 4532 in
1675 4489 1748 4533 esse
1772 4488 1901 4533 conser-

232 4596 364 4671 uantur,
401 4586 476 4652 hinc
503 4588 624 4658 curiam
653 4586 891 4670 canonicalem,
920 4609 983 4674 que
1010 4585 1118 4674 palam
1142 4586 1297 4682 omnibus
1323 4587 1450 4652 notorie
1471 4587 1598 4650 ruinam
1619 4587 1772 4670 minatur,
1802 4607 1899 4672 quarn

230 4727 317 4770 nunc
338 4704 538 4770 honorabilis
562 4704 709 4770 dominus
732 4707 849 4771 Petrus
871 4705 1021 4772 Vbbonis
1040 4705 1214 4771 canonicus
1237 4715 1270 4770 et
1289 4705 1392 4770 frater
1413 4715 1525 4770 noster
1547 4703 1721 4788 inhabitat,
1750 4705 1899 4769 situatam

232 4846 333 4911 penes
357 4823 547 4890 cimiterium
569 4825 704 4890 fratrum
725 4823 967 4911 predicatorum
988 4823 1261 4909 transversaliter,
1283 4822 1476 4889 Honorabili
1507 4823 1637 4888 domino
1660 4822 1823 4908 Gregorio
1844 4823 1900 4888 Jo-

232 4943 345 5008 hsnnis
369 4945 589 5008 concanonico
613 4954 646 5009 et
676 4943 897 5030 compopulsri
922 4953 1034 5009 nostro
1064 4943 1231 5010 advitam
1260 4963 1350 5008 suam
1380 4943 1420 5006 de
1455 4962 1617 5006 consensu
1645 4940 1834 5007 Reuerendi
1865 4941 1900 5006 in

231 5061 339 5128 Crista
369 5063 468 5149 patris
498 5071 531 5126 et
559 5060 679 5126 domini
707 5063 810 5127 nostri
838 5063 973 5146 gratiosi
1000 5062 1133 5128 Domini
1161 5063 1288 5129 Nicolsi
1315 5060 1471 5148 Episcopi
1494 5057 1717 5125 Sleswicensis
1750 5081 1789 5126 ac
1823 5057 1900 5124 dicti

234 5181 354 5248 domini
376 5180 466 5245 Petri
486 5179 637 5246 Vbbonis
660 5180 880 5246 concessimus
903 5189 937 5245 et
965 5181 1176 5247 concedimus
1197 5203 1257 5268 per
1278 5189 1466 5270 presentes,
1489 5178 1550 5244 sub
1574 5201 1614 5244 ea
1635 5177 1843 5262 condicione,
1864 5185 1900 5241 ut

231 5299 385 5384 eandem,
412 5308 510 5387 prout
529 5274 698 5364 consensit
720 5298 825 5364 dictus
847 5298 996 5364 dominus
1018 5299 1136 5364 Petrus
1143 5348 1153 5383 ,
1182 5299 1215 5363 in
1236 5298 1382 5363 inferiori
1404 5317 1482 5362 casa
1503 5319 1605 5384 penes
1627 5318 1745 5383 squam
1768 5294 1899 5360 edifica
