5088 6416
1860 711 1901 778 23

277 911 412 1000 Capella
435 912 539 978 sancti
561 912 692 998 spiritus
714 910 842 978 stallum
864 920 898 976 et
919 911 1027 976 locum
1053 909 1174 976 habeat
1204 910 1238 974 in
1270 909 1400 996 (oh)oro
1428 917 1462 974 et
1482 909 1745 996 processionibus
1767 913 1943 983 inmediate

276 1033 363 1096 circa
386 1030 586 1114 Canonium,
618 1029 799 1096 Almusium
827 1027 1026 1094 subrubeum
1039 1027 1205 1116 portandi
1232 1026 1354 1096 habeat
1374 1026 1561 1094 facultatem
1583 1037 1617 1094 et
1638 1051 1779 1097 summus
1801 1033 1943 1102 vicarius

276 1149 468 1235 intituletur,
504 1149 657 1214 Officium
688 1147 729 1214 de
752 1155 865 1212 sancto
894 1149 1008 1234 spiritu
1035 1146 1078 1214 ad
1106 1147 1211 1212 minus
1239 1147 1273 1210 in
1296 1145 1490 1233 septimo(na
1511 1147 1628 1230 se)mel
1651 1148 1761 1214 dicere
1784 1137 1942 1239 teneatur,

276 1267 346 1334 aliis
375 1267 576 1356 temporibus
606 1266 722 1354 quibus
751 1264 897 1332 celebrat
923 1266 1112 1352 suffragium
1141 1265 1182 1330 dc
1211 1264 1329 1330 eodem
1351 1273 1471 1330 teneat
1527 1265 1564 1328 In
1586 1287 1722 1352 quorum
1746 1272 1886 1336 omnium
1909 1283 1942 1339 et

276 1385 475 1472 singulorum
502 1385 601 1452 fidem
629 1395 662 1452 et
689 1385 914 1452 testimonium¹
937 1385 1169 1472 premissorum
1189 1394 1360 1471 presentes
1383 1383 1506 1449 litteras
1528 1393 1639 1450 nostro
1662 1385 1812 1454 duximus
1835 1391 1941 1476 sigillo
2033 1400 2036 1409 '

276 1503 506 1591 (munieu)das.
560 1504 682 1570 Datum
712 1503 829 1570 Castro
861 1512 973 1572 nostro
1005 1503 1209 1572 Suauesteds
1251 1505 1284 1569 in
1320 1501 1457 1589 Capella
1483 1503 1580 1568 Anno
1609 1503 1741 1569 Domini
1767 1506 1940 1574 Millesimo

276 1621 603 1708 Quadringentesimo
626 1621 887 1708 Quadragesimo
915 1619 1060 1687 secundo
1088 1621 1141 1688 die
1169 1643 1250 1687 vero
1280 1623 1390 1689 mart'u
1414 1622 1517 1687 Sexto
1536 1621 1746 1709 Nouembris,
1779 1625 1941 1692 Prosenti·

276 1741 338 1808 bus
364 1741 487 1808 ibidem
509 1740 753 1809 honorabilibus
776 1740 915 1806 dominis
938 1739 1060 1806 Ottone
1083 1740 1207 1805 draken
1231 1740 1386 1809 canonico
1411 1739 1666 1807 Hadersleuensi
1687 1751 1721 1807 ct
1742 1742 1840 1808 Petro
1862 1745 1943 1812 Det-

275 1859 340 1946 leuj
369 1858 488 1924 clerico
512 1857 735 1924 sleswicensis
757 1860 918 1924 Diocesis.
973 1859 1017 1924 Et
1043 1880 1104 1922 nos
1126 1857 1265 1929 Mhhael
1291 1859 1395 1944 ywari
1418 1858 1541 1926 Cantor
1566 1867 1732 1947 totumque
1757 1860 1939 1948 Capitulum

274 1977 527 2044 hadersleuenss
556 1977 786 2064 capitulariter
814 1980 1007 2064 congregati
1033 1987 1161 2042 matura
1188 1975 1430 2042 deliberacione
1452 1977 1624 2065 prehabito
1643 2000 1704 2065 pro
1726 1979 1939 2066 ampliacione

275 2097 384 2183 Dininj
416 2094 520 2162 cultus
548 2095 591 2160 ad
618 2095 775 2160 honorem
797 2095 862 2162 Dei
897 2106 930 2162 et
961 2095 1098 2180 virginis
1133 2091 1236 2166 maris
1267 2105 1404 2182 patrone
1432 2105 1543 2162 nostre
1574 2118 1767 2176 consensum
1794 2109 1939 2165 nostrum

275 2215 448 2302 prrebimus
477 2214 519 2280 ad
550 2216 657 2282 omnia
684 2213 872 2298 supradicta
900 2223 933 2279 et
960 2215 1179 2280 consentimus
1211 2235 1272 2300 per
1303 2223 1484 2300 presentes.
1538 2214 1577 2280 ln
1605 2215 1695 2280 cuius
1721 2217 1770 2280 rei
1797 2220 1940 2283 testimo·

274 2336 360 2400 nium
382 2343 553 2421 presentes
575 2334 703 2400 litteras
721 2335 824 2398 nostri
844 2333 995 2398 iussimus
1025 2330 1120 2418 sigilli
1143 2333 1342 2418 appensione
1365 2331 1530 2415 roborari,
1564 2333 1784 2409 Praesemibus
1812 2334 1935 2402 ibidem

274 2451 422 2518 discretis
450 2452 529 2516 viris
560 2451 697 2518 dominis
718 2452 818 2516 Petro
846 2449 1001 2517 vluessen
1023 2460 1057 2516 et
1084 2449 1205 2516 mathia
1232 2450 1370 2516 Gnowel
1396 2451 1560 2518 Altaristis
1583 2454 1615 2516 in
1638 2452 1778 2518 ecclesia
1804 2453 1939 2520 beders-

273 2571 398 2636 leuensi
419 2569 574 2636 Testibus
604 2570 647 2635 ad
674 2572 834 2658 premissa
860 2569 985 2636 vocatis
1014 2568 1199 2657 specialiter
1221 2578 1255 2634 et
1276 2571 1409 2655 rogatis.
1454 2571 1574 2635 Datum
1597 2592 1661 2657 quo
1685 2571 1727 2636 ad
1750 2581 1856 2637 actum
1880 2575 1936 2660 qui

272 2711 371 2776 supra
398 2691 538 2776 scriptus
563 2711 625 2775 per
648 2689 823 2755 Centonem
853 2697 886 2755 et
909 2688 1093 2776 Capitulum
1122 2687 1388 2754 Hadersleuense
1417 2697 1566 2757 narretur
1595 2690 1629 2755 in
1655 2689 1728 2755 loco
1757 2690 1938 2777 Capitpleri

273 2807 413 2873 ecclesie
436 2806 711 2873 Hederslsuensis
733 2829 818 2872 anno
839 2806 994 2894 predicto
1023 2806 1075 2871 die
1104 2829 1191 2871 nona
1217 2807 1339 2871 mensis
1366 2806 1773 2892 antedictb,Presentibus
1801 2809 1939 2876 testibus

272 2947 372 3013 supra
392 2925 503 2992 ultimo
526 2927 675 2991 narratis.

422 3045 467 3110 Et
500 3067 562 3130 ego
596 3043 820 3110 Theodericus
853 3043 1006 3110 herstede
1040 3042 1177 3109 clericus
1210 3042 1381 3108 verdensis
1411 3043 1551 3132 diocesis
1586 3044 1734 3131 publicus
1770 3046 1936 3134 Imperiali

272 3141 462 3230 auctoritate
484 3165 645 3248 notarius,
668 3163 754 3244 Quia
774 3163 945 3249 premissis
964 3160 1112 3227 omnibus
1135 3171 1169 3227 et
1190 3161 1335 3247 singulis,
1365 3161 1440 3228 dum
1469 3165 1515 3229 sic
1544 3171 1580 3229 ut
1606 3165 1799 3252 premittitur
1819 3167 1937 3233 fierent

272 3293 305 3348 et
326 3291 511 3367 agerentur,
533 3305 672 3348 runcum
695 3282 927 3368 prenominatis
949 3280 1088 3347 testibus
1109 3281 1238 3367 interlnj
1263 3302 1367 3367 eaque
1390 3282 1437 3346 sic
1458 3281 1530 3347 fieri
1551 3283 1619 3348 vidi
1641 3291 1674 3347 et
1695 3282 1814 3370 audinj,
1844 3284 1938 3350 Ideo·

272 3422 335 3488 que
358 3401 390 3465 in
412 3400 510 3466 fidem
533 3410 566 3465 et
587 3400 804 3466 testimonium
827 3399 1015 3464 eorumdem
1038 3399 1080 3464 ad
1102 3399 1352 3485 requisioionem
1381 3399 1555 3464 reuerendi
1582 3401 1616 3466 in
1629 3399 1757 3466 Christo
1779 3403 1880 3488 petris
1904 3414 1937 3469 et

272 3517 392 3584 domini
420 3518 541 3583 domini
568 3516 694 3583 Nicolai
725 3518 881 3606 Episcopi
915 3517 1139 3584 Sleswicensis
1171 3537 1224 3580 me
1258 3515 1309 3582 hic
1342 3516 1520 3604 subscripsi
1543 3520 1711 3607 signoque
1746 3527 1779 3585 et
1805 3521 1936 3586 nomine
2030 3579 2031 3582 ,

272 3639 352 3702 meis
375 3635 477 3702 solitis
510 3648 543 3703 et
564 3637 727 3701 consuetis
750 3637 887 3724 signaoj.

305 3758 376 3825 Orig.
394 3773 467 3826 pcrg.
480 3758 591 3835 ¹lassum3
610 3756 724 3824 sigillum
735 3758 841 3824 capituli
859 3759 941 3824 adest,
958 3758 1037 3825 sigilli
1047 3757 1206 3824 episcopalis
1223 3761 1325 3808 tautum
1343 3757 1489 3824 fragmenta
1501 3759 1628 3825 preasnlae
1643 3759 1809 3826 pergameum
1824 3766 1936 3814 exstant.

1074 4062 1125 4118 25.

561 4195 652 4262 Peter
672 4195 774 4262 Rooer
795 4197 899 4284 atffter
920 4210 947 4262 et
965 4197 1136 4262 Laurentii
1161 4197 1282 4262 Vs'carn'e
1302 4197 1319 4262 i
1337 4195 1511 4262 Hadaraleo
1532 4196 1641 4262 Kr’rlre

1615 4354 1693 4416 1443,
1710 4353 1728 4404 4
1744 4355 1856 4422 rugare

780 4453 948 4518 Fundacio
970 4452 1092 4518 Altaris
1113 4451 1217 4516 sancti
1238 4451 1419 4518 Laurencii.

420 4570 459 4636 Ik
480 4572 579 4636 Peter
600 4571 720 4636 Rower
745 4570 898 4636 bekenne
931 4571 1019 4639 vnde
1047 4569 1191 4654 betughe
1219 4570 1384 4658 apenbare
1410 4571 1445 4634 in
1473 4570 1621 4636 desseme
1650 4571 1751 4638 breue
1782 4595 1842 4638 vor
1870 4575 1933 4640 allo

270 4689 334 4754 den
351 4691 477 4776 jennen
498 4689 540 4754 de
564 4711 625 4754 ene
648 4711 728 4755 seen
750 4689 977 4771 edder‚horen
997 4687 1106 4772 lesen,
1139 4689 1196 4754 dat
1223 4689 1258 4754 ik
1287 4709 1395 4754 vmme
1424 4710 1539 4774 rnyner
1565 4689 1653 4754 vnde
1680 4713 1795 4778 myner
1824 4692 1931 4758 vorel-

270 4807 372 4874 deren
406 4808 497 4874 selen
524 4806 670 4873 salicbeit
698 4807 806 4874 hebbe
834 4808 1057 4894 ghestediget,
1089 4807 1177 4872 vnde
1206 4807 1355 4893 stedighe
1389 4807 1422 4872 in
1443 4807 1549 4873 Krafft
1577 4808 1690 4874 desses
1720 4809 1841 4876 breues
1865 4831 1930 4898 eyn

269 4926 390 5011 gentlik
411 4927 555 4992 vicarien
576 4925 667 5010 lecu,
694 4929 727 4992 iu
750 4927 809 4991 der
829 4948 868 5021 ¹er
889 4925 993 5012 gadas
1016 4925 1101 4990 vnde
1125 4925 1184 4990 des
1206 4925 1338 5011 hilligen
1360 4925 1529 4991 mertelers
1552 4929 1655 4994 sancti
1677 4927 1868 5013 Laurencii‚
1896 4931 1930 4993 in

270 5043 329 5109 der
339 5045 451 5110 Kerke
469 5055 503 5110 to
516 5045 731 5128 Hadersleue,
750 5045 807 5111 dat
822 5068 900 5131 myn
917 5045 1019 5110 vader
1030 5042 1175 5130 neligber
1188 5044 1373 5111 deobtnisse
1392 5045 1677 5130 begunnethadde
1696 5057 1729 5112 to
1748 5045 1931 5133 stedyngbe

269 5163 356 5228 vude
385 5163 456 5250 goti
480 5163 540 5230 dar
566 5174 600 5232 to
624 5185 689 5250 eyn
716 5162 946 5244 vulleukomen
976 5164 1074 5230 misse
1103 5161 1249 5248 gherede
1279 5165 1335 5229 mit
1358 5185 1451 5229 enem
1469 5163 1576 5230 Kelke
1606 5165 1693 5232 vnde
1716 5188 1781 5251 eyn
1802 5164 1932 5230 nrisbok

236 5305 237 5316 ¹
269 5281 355 5346 rude
374 5283 436 5348 XL
458 5282 551 5347 mark
573 5280 726 5348 lubescbe
745 5281 930 5369 penninghe
946 5283 978 5346 in
997 5301 1110 5367 synem
1131 5282 1224 5368 haue,
1243 5281 1284 5348 de
1301 5291 1335 5348 to
1358 5281 1507 5369 ewighen
1523 5283 1625 5349 tiiden
1642 5283 1704 5350 alle
1722 5285 1796 5372 jare
1820 5284 1930 5350 scolen
