5002 6418
1811 738 1852 804 31

221 934 319 1000 bona
343 943 451 1022 empta
473 943 600 1000 etcum
622 933 746 1000 eisdem
772 935 912 1000 emenda
938 937 1141 1022 assignamus
1169 944 1202 1000 et
1229 935 1422 1022 deputamus
1449 957 1510 1022 pro
1537 935 1613 1001 dote
1642 947 1676 1004 et
1702 937 1896 1004 fundacione

224 1051 389 1118 dictamum
412 1063 549 1141 quatuor
577 1051 819 1139 prebendarum
847 1054 1023 1139 minorum,
1055 1054 1111 1120 Jta
1138 1054 1227 1142 quod
1251 1055 1337 1119 omni
1366 1075 1450 1118 anno
1478 1053 1661 1120 huiusmodi
1686 1055 1832 1122 redditus
1864 1065 1897 1122 et

222 1183 408 1258 prouentus
431 1193 470 1238 ae
493 1170 710 1236 emolumenta
735 1193 779 1236 ex
800 1173 848 1236 eis
869 1175 1101 1259 proueniencia
1123 1173 1308 1240 diuiduntur
1328 1174 1363 1238 in
1385 1181 1523 1259 quatuor
1549 1182 1659 1259 partes
1682 1173 1831 1262 equales,
1863 1183 1906 1240 etx

190 1353 197 1360 .
224 1291 390 1356 Canonici
410 1289 592 1356 residentes
615 1291 648 1354 iu
670 1289 779 1376 aliqua
800 1289 1040 1377 prebendarum
1062 1292 1244 1358 huiusmodi
1272 1293 1359 1358 bona
1386 1300 1420 1357 et
1444 1290 1591 1357 redditus
1614 1291 1655 1357 de
1679 1292 1838 1358 adiutorio
1861 1302 1895 1358 et

223 1408 365 1474 consilio
390 1407 533 1496 Capituli
554 1407 738 1494 gubernent
759 1417 793 1473 et
813 1422 946 1494 regent,
979 1419 1013 1476 et
1041 1413 1263 1499 unusquisqne
1294 1433 1421 1496 eurum,
1454 1411 1509 1498 qui
1538 1410 1707 1477 actualiter
1734 1410 1896 1476 resideret

222 1535 259 1592 et
279 1526 398 1592 fecerit
418 1535 455 1591 vt
475 1524 725 1611 infrascribitur,
759 1549 850 1592 suam
881 1536 1007 1614 partem
1039 1529 1128 1597 leuet
1156 1539 1190 1594 et
1210 1531 1243 1595 in
1266 1551 1342 1596 suus
1363 1551 1443 1594 usus
1471 1537 1657 1610 concertat,
1690 1529 1758 1594 Sed
1785 1539 1895 1617 partes
1942 1525 1947 1533 ¹

223 1643 412 1710 absentium
433 1654 644 1710 reseruentur
664 1666 725 1731 per
745 1655 917 1732 presentes
938 1646 1121 1713 residentes
1142 1658 1198 1714 aut
1219 1671 1279 1736 per
1302 1647 1487 1734 Capitulum
1517 1649 1603 1712 etin
1624 1657 1801 1735 perpetuos
1822 1648 1897 1713 red·

225 1763 316 1828 ditus
340 1745 582 1850 expendantur,
615 1771 681 1828 tarn
708 1762 764 1828 diu
791 1763 897 1830 donec
926 1787 1038 1831 omnes
1061 1766 1242 1831 huiusmodi
1264 1766 1411 1832 redditus
1435 1775 1574 1853 quatuor
1594 1765 1838 1852 prebendarum
1859 1788 1895 1831 se

223 1880 269 1946 ad
301 1903 460 1946 summam
488 1881 704 1968 quadraginta
728 1904 910 1949 marcarum
937 1883 1152 1950 lubicensium
1175 1885 1366 1968 extendant,
1400 1894 1432 1949 et
1460 1893 1581 1949 extunc
1609 1906 1722 1950 omnes
1748 1884 1896 1950 redditus

226 1999 308 2064 dicti
329 1999 514 2066 residentes
540 2001 736 2088 percipiant,
764 2000 874 2066 leuent
902 2011 935 2067 et
960 2003 994 2066 in
1021 2025 1097 2068 suos
1126 2026 1204 2069 vsus
1232 2011 1433 2069 conuertunt.
1478 2001 1667 2068 Teneantur
1688 2014 1798 2068 umen
1819 2004 1898 2068 resi·

223 2118 345 2184 dentes
367 2121 401 2184 in
422 2119 605 2185 huiusmodi
626 2118 803 2206 prebendis
827 2120 974 2186 omnibus
998 2120 1112 2186 diebus
1135 2123 1323 2208 Dominicis,
1345 2122 1551 2207 mercurijaet
1575 2119 1704 2186 sabbati
1726 2121 1896 2188 actualiter

223 2257 301 2302 esse
325 2238 360 2302 in
381 2237 646 2325 processionibus
667 2238 774 2304 missis
802 2248 836 2303 et
863 2241 1028 2326 vesperis,
1062 2239 1153 2306 Alias
1182 2263 1202 2306 a
1228 2241 1439 2329 perceptione
1469 2239 1653 2305 huiusmodi
1679 2237 1798 2304 cadant
1823 2244 1895 2328 ipso

222 2355 323 2422 factu.
369 2355 412 2422 Et
435 2356 564 2442 quando
588 2355 768 2422 huiusmodi
789 2357 937 2423 redditus
960 2369 994 2424 et
1013 2367 1192 2446 prouentus
1215 2359 1301 2424 dono
1323 2360 1389 2424 Dei
1409 2367 1533 2425 tantum
1556 2358 1779 2442 exercuerint,
1808 2357 1896 2445 quod

222 2473 411 2540 residentes
440 2483 473 2540 et
500 2495 612 2539 eorum
640 2474 790 2561 quilibet.
804 2477 920 2560 viginti
948 2487 1086 2564 quatuor
1112 2499 1296 2544 marcarum
1322 2477 1469 2543 redditus
1497 2477 1552 2542 vel
1577 2477 1613 2542 iu
1641 2499 1753 2542 earum
1783 2476 1895 2542 valore

224 2593 428 2681 perceperit,
455 2593 620 2658 residuum
649 2594 810 2659 resultans
839 2569 883 2660 ex
909 2594 1093 2661 huiusmodi
1120 2595 1213 2661 bonis
1244 2605 1278 2661 et
1298 2597 1443 2684 pecuniis
1467 2597 1610 2663 Sacriste
1634 2594 1720 2660 dicte
1742 2593 1893 2660 Ecclesia

223 2711 502 2777 Hederslcuensis
528 2721 711 2796 accrescat,
732 2713 765 2776 in
788 2735 863 2778 suos
885 2735 963 2778 vsus
986 2714 1209 2779 concertendo
1231 2714 1295 2779 Vel
1317 2738 1390 2780 oum
1411 2714 1473 2780 illis
1495 2713 1727 2780 resultantibus
1748 2712 1896 2778 redditus

226 2830 385 2915 emendo,
411 2841 508 2917 prout
530 2830 708 2895 secundum
733 2821 919 2918 qualitatem
941 2834 1097 2920 temporis
1121 2832 1272 2921 Capitulo
1295 2833 1336 2898 de
1360 2855 1521 2899 consensu
1542 2832 1626 2898 illius
1650 2831 1705 2919 qui
1726 2840 1804 2896 tunc
1824 2831 1893 2896 fue-

222 2950 266 3016 rit
287 2949 472 3036 Episcopus
494 2951 599 3014 visum
620 2948 719 3014 fuerit
740 2949 909 3036 expedire.
951 2951 996 3016 Et
1015 2972 1077 3016 nos
1100 2951 1239 3039 Tymmo
1263 2951 1438 3018 smalstede
1461 2951 1585 3018 Cantor
1607 2960 1774 3037 totumque
1799 2949 1895 3038 Capi·

222 3067 328 3133 tulum
363 3068 626 3134 Hadersleuense
658 3068 841 3155 predictum
872 3068 1002 3155 publice
1038 3071 1142 3134 eciam
1174 3071 1439 3156 recognoscimus
1472 3092 1532 3157 per
1563 3077 1750 3156 presentes,
1786 3069 1894 3152 Quod,

222 3187 302 3274 quia
323 3196 493 3274 paternam
515 3187 719 3252 affectionem
742 3197 776 3252 et
797 3186 996 3272 singularem
1016 3187 1163 3254 fauorem
1179 3188 1366 3254 Reuerendi
1387 3189 1420 3253 iu
1442 3188 1571 3253 Christo
1593 3187 1694 3274 patris
1718 3195 1752 3251 et
1773 3186 1895 3252 domini

222 3305 347 3370 domiui
368 3303 494 3371 Nic‘olai
514 3305 672 3394 Episcopi
688 3304 912 3370 sleswicensis
935 3307 1023 3376 circa
1043 3307 1376 3392 aug(rnen)taoicnem
1398 3307 1509 3371 Diuini
1528 3305 1632 3370 cultus
1651 3313 1684 3369 et
1704 3303 1893 3392 multiplica

222 3424 353 3489 cionem
381 3423 542 3510 fmctuupr
572 3435 605 3490 et
632 3422 817 3488 reddituum
843 3446 972 3490 necnon
1000 3423 1188 3510 diligentem
1219 3425 1428 3492 adhesionem
1458 3446 1520 3513 quo
1549 3423 1592 3488 ad
1624 3425 1893 3510 impugnaciones

222 3540 365 3607 ecclesie
383 3542 657 3608 Hadersleuensis
680 3544 806 3607 sincere
830 3545 1068 3629 conspeximus,
1091 3543 1146 3608 Ad
1166 3544 1324 3610 maiorem
1346 3543 1575 3630 gratitudinem
1598 3551 1632 3608 et
1654 3541 1696 3606 ad
1718 3541 1894 3606 firmiorem

224 3659 530 3726 confederacionem
565 3661 713 3750 ejusdcm
745 3660 865 3726 domiui
892 3662 1049 3748 Episcopi
1080 3671 1113 3727 ot
1141 3684 1273 3728 suorum
1301 3664 1551 3746 successorum,
1582 3659 1678 3725 nobis
1713 3669 1747 3724 et
1773 3661 1894 3726 nostris

223 3778 478 3844 successoribus
510 3779 708 3863 faciendam,
741 3778 901 3846 voluimus
935 3782 1104 3846 statuimus
1140 3791 1173 3846 et
1209 3782 1430 3847 ordinauimus
1470 3780 1711 3868 concordieque
1745 3776 1894 3842 volumus

223 3899 393 3962 statuimus
416 3908 449 3963 et
470 3897 656 3963 ordinamus
685 3921 745 3985 per
772 3906 957 3984 presentes,
991 3898 1089 3981 Quod
1117 3901 1232 3966 unicus
1261 3899 1338 3965 dicti
1369 3899 1490 3963 domini
1511 3899 1670 3986 Episcopi
1698 3907 1731 3962 et
1763 3917 1894 3960 suorum

224 4015 458 4081 Successorum
493 4015 691 4102 Capellanus
727 4017 872 4080 existens
906 4019 1081 4082 canonicus
1117 4017 1406 4103 Hedersleuensis,
1440 4041 1518 4083 s..
1549 4017 1700 4083 habuerit
1735 4016 1894 4080 minorem

220 4131 424 4220 prebendam
446 4157 544 4200 unam
567 4156 610 4199 cx
631 4134 785 4221 predictis
808 4145 945 4223 quatuor
967 4137 1036 4201 siue
1059 4138 1216 4212 maiorem
1238 4158 1281 4202 ex
1303 4135 1373 4201 aliis
1397 4145 1470 4200 octo
1492 4135 1680 4223 prebendis,
1704 4136 1772 4199 siue
1791 4135 1895 4199 eciam

220 4251 373 4317 residerit
395 4253 465 4318 siue
487 4255 521 4320 iu
543 4253 695 4318 continuo
718 4254 856 4318 seruicio
881 4254 958 4318 dicti
981 4254 1102 4318 domini
1124 4255 1281 4342 Episcopi
1303 4264 1359 4319 aut
1380 4253 1545 4341 ali(cujus)
1576 4276 1707 4320 suorum
1730 4275 1895 4318 successo-

224 4393 297 4436 rum
317 4372 424 4456 fuerit,
446 4372 607 4459 percipiat
629 4393 719 4436 suam
741 4383 869 4458 partem
891 4375 1128 4438 communitatis
1152 4395 1191 4439 ac
1212 4375 1241 4438 si
1262 4371 1431 4438 actualiter
1452 4372 1540 4437 circa
1565 4371 1703 4437 eandem
1724 4371 1894 4455 resideret,

224 4513 267 4555 eo
296 4489 384 4578 quod
413 4491 559 4555 existens
585 4490 618 4553 in
641 4491 779 4555 seruicio
809 4513 868 4578 pro
892 4500 1039 4579 tempore
1064 4490 1183 4578 dominj
1208 4491 1364 4578 Episcopi
1387 4489 1611 4556 Sleswicensis
1635 4489 1839 4555 commodum
1862 4499 1896 4556 et

222 4609 395 4675 utilitatem
417 4608 556 4673 ecclesie
577 4630 754 4696 procurare
777 4619 810 4675 et
832 4611 942 4675 facere
964 4619 1075 4698 potest
1097 4608 1220 4696 aliquid
1241 4609 1378 4697 amplius
1407 4631 1503 4696 quam
1532 4608 1682 4673 residens
1712 4609 1799 4672 circa
1821 4629 1896 4672 ean-

222 4727 317 4813 dem,
340 4728 423 4794 siout
444 4727 506 4793 boc
528 4749 606 4815 sepe
629 4727 815 4793 notabiliter
836 4728 957 4794 factum
979 4728 1129 4793 vidimus.
1173 4727 1331 4793 Volumus
1352 4737 1479 4813 tamen,
1508 4726 1597 4814 quod
1619 4726 1723 4792 dictus
1746 4724 1895 4813 Capella-

222 4869 283 4911 nus
305 4845 425 4911 habeat
445 4855 690 4932 procuratorem
712 4851 745 4912 in
767 4847 839 4913 loco
864 4846 1081 4930 Canonicum,
1109 4847 1164 4933 qui
1184 4867 1244 4932 pro
1268 4867 1307 4911 eo
1331 4895 1339 4911 .
1364 4895 1372 4912 .
1395 4847 1511 4933 spiciat
1540 4847 1574 4910 in
1601 4845 1696 4910 festis
1718 4843 1894 4909 maioribus

223 4965 355 5030 missam
378 4973 411 5029 et
432 4987 617 5030 sermonem
640 4967 731 5031 iuxta
753 4975 873 5031 statuta
893 4977 1014 5031 nostra.
1061 4965 1099 5030 Si
1120 4975 1229 5030 tamen
1251 4967 1464 5051 contingeret,
1487 4964 1608 5030 dictum
1633 4963 1797 5028 dominum
1818 4961 1896 5049 Epi·

223 5105 359 5172 scopum
388 5093 443 5149 aut
473 5083 613 5171 aliquem
637 5085 871 5151 Successorum
894 5105 1024 5149 suorum
1053 5082 1127 5148 lites
1156 5093 1211 5150 aut
1239 5085 1459 5150 dissensiones
1487 5091 1601 5148 contra
1624 5079 1808 5167 Capitulum
1829 5080 1895 5146 Ha

222 5201 434 5266 dersleuense
455 5203 572 5268 iniuste
594 5203 771 5288 intentare,
804 5205 874 5268 istis
901 5201 1011 5268 litibus
1040 5211 1074 5267 et
1105 5201 1361 5268 dissensionibus
1391 5201 1582 5268 durantibus
1605 5199 1753 5288 predicto
1778 5198 1895 5286 Capel-

220 5317 295 5384 lano
319 5319 439 5384 dictam
458 5322 746 5410 participacionem
774 5321 985 5408 denegamus.
1028 5320 1098 5386 Nos
1126 5342 1207 5387 vero
1228 5320 1383 5386 Nicolaus
1404 5319 1589 5408 Episcopus
1624 5317 1807 5384 antedictus
1834 5337 1894 5404 pro
