5156 6424
683 688 726 754 30

641 888 875 977 predicationis
903 897 954 953 est
980 909 1163 970 annexum,
1205 887 1299 952 Idem
1332 887 1481 952 domiuus
1510 898 1622 953 noster
1649 887 1803 953 Nicolaus
1830 887 2016 974 Episcopus
2048 889 2229 974 assiguauit
2254 889 2309 954 Lu

641 1021 769 1073 marcas
802 1005 987 1072 lubicenses
1020 1027 1081 1093 pro
1109 1005 1255 1071 ulteriori
1281 1006 1453 1071 dotacione
1492 1006 1639 1072 eiusdem
1671 1007 1810 1090 vicarie,
1844 1027 1915 1071 cum
1940 1005 2057 1093 quibus
2090 1008 2227 1072 emimus
2248 1007 2307 1074 1111

641 1147 768 1190 marcas
791 1146 970 1190 annuorum
992 1124 1178 1191 reddituum
1198 1145 1259 1212 pro
1281 1125 1369 1189 victu
1390 1125 1492 1212 ipsius
1514 1125 1643 1211 vicarii,
1677 1125 1733 1214 qui
1759 1145 1820 1212 pro
1848 1133 1995 1212 tempore
2017 1125 2123 1191 fuerit.
2168 1127 2213 1192 Et
2235 1127 2307 1213 quia

643 1244 728 1309 dicte
750 1244 872 1309 vicarie
895 1245 1000 1310 sancti
1022 1245 1152 1330 spiritus
1175 1265 1338 1308 annexum
1361 1251 1420 1320 est,
1442 1251 1477 1308 ut
1501 1265 1571 1307 eam
1594 1243 1718 1309 habeus
1740 1242 1879 1310 verbum
1900 1243 1966 1308 Dei
1989 1244 2086 1310 certis
2108 1243 2307 1330 temporibus

641 1361 790 1450 predicet
811 1384 851 1427 ac
872 1363 984 1449 primis
1006 1361 1223 1449 personaliter
1243 1362 1384 1445 intersit,
1419 1359 1506 1424 vnde
1537 1361 1641 1428 cultus
1664 1363 1791 1428 diuinus
1812 1385 1878 1428 non
1900 1362 2063 1427 modicum
2084 1362 2258 1427 adiuuatur
2277 1363 2308 1426 in

642 1481 781 1547 ecclesia
802 1480 1070 1565 Hadersleuensi,
1091 1481 1137 1545 Vt
1159 1481 1262 1544 eciam
1283 1479 1357 1544 talis
1379 1480 1522 1544 vicarius
1544 1482 1675 1546 racione
1698 1482 1806 1546 oneris
1828 1483 1947 1546 sentiat
1969 1479 2220 1564 emolimentum,
2242 1480 2307 1546 Nos

641 1599 727 1666 bene
751 1599 923 1664 deliberati
944 1599 987 1664 ad
1007 1599 1164 1664 honorem
1187 1599 1415 1685 omnipotentis
1438 1599 1503 1662 Dei
1532 1606 1564 1662 et
1592 1600 1729 1686 virginis
1749 1599 1853 1666 Maria
1882 1608 2019 1687 patrone
2045 1608 2157 1664 nostre
2180 1600 2308 1664 donaui-

641 1741 712 1783 mus
735 1727 770 1784 et
790 1718 1037 1803 assignauimus,
1059 1717 1216 1782 donamus
1241 1727 1277 1782 et
1295 1717 1501 1802 assignamus
1523 1717 1566 1782 ad
1588 1717 1725 1783 eandem
1745 1719 1899 1784 vicariam
1921 1717 2056 1783 fundum
2080 1717 2308 1802 canonicalem,

642 1837 677 1902 in
699 1858 764 1923 quo
786 1858 873 1902 nunc
891 1835 980 1901 idem
1004 1835 1154 1900 domiuus
1176 1843 1288 1899 noster
1309 1835 1494 1923 Episcopus
1522 1834 1653 1900 domum
1682 1835 1827 1902 edificari
1853 1837 2053 1925 procurauit,
2088 1837 2241 1902 situatum
2268 1836 2308 1900 ad

646 1954 804 2020 orientem
827 1953 965 2018 ecclesie
988 1953 1123 2020 fratrum
1145 1951 1396 2040 predicatorum,
1419 1953 1461 2018 ad
1484 1953 1668 2040 aquilonem
1690 1955 1864 2020 habentem
1886 1957 2008 2020 curiam
2031 1954 2262 2038 canonicalem,
2277 1957 2308 2018 in

643 2095 709 2160 qua
729 2094 816 2138 nunc
837 2080 981 2138 moratur
1004 2071 1135 2137 domina
1157 2069 1285 2158 Sophia,
1308 2071 1351 2136 ad
1373 2081 1517 2138 austrum
1540 2073 1663 2138 curiam
1686 2083 1719 2139 et
1743 2072 1873 2138 domum
1895 2073 2017 2139 domiui
2033 2071 2167 2138 Eschilli
2188 2071 2309 2159 presbi-

642 2192 719 2276 teri,
751 2194 798 2255 ita
828 2189 916 2278 quod
943 2189 1016 2255 talis
1043 2190 1163 2257 fundus
1186 2200 1220 2256 et
1241 2190 1356 2256 domus
1380 2190 1576 2256 canonicalis
1597 2201 1757 2279 perpetuo
1779 2200 1910 2256 maneat
1930 2213 1990 2279 pro
2012 2191 2135 2256 vicario
2159 2190 2245 2256 dicte
2266 2192 2310 2255 vi·

643 2310 740 2398 carie,
762 2330 836 2374 cum
859 2308 1008 2374 omnibus
1024 2309 1156 2398 juribus
1181 2318 1214 2374 et
1236 2309 1421 2393 attmentiis,
1445 2310 1541 2374 curiis
1565 2310 1643 2374 ortis
1666 2319 1699 2374 et
1719 2307 1933 2394 libertatibus,
1956 2308 2073 2396 quibus
2096 2318 2205 2374 cetere
2223 2310 2309 2374 curie

645 2425 851 2492 canonicales
873 2427 1029 2514 gaudent
1061 2428 1132 2493 Nos
1154 2429 1257 2493 eciam
1279 2427 1420 2492 fatemur
1441 2426 1564 2494 habere
1586 2428 1697 2494 literas
1721 2447 1819 2514 super
1841 2427 1935 2493 dictis
1956 2426 2138 2493 redditibus
2161 2437 2195 2493 et
2215 2449 2310 2515 pecu-

642 2546 769 2612 niarum
791 2548 923 2612 summis
946 2548 1080 2634 emptis,
1102 2546 1368 2634 utpremittitur,
1396 2545 1439 2611 ad
1460 2546 1575 2612 fideles
1597 2568 1712 2612 manus
1734 2545 1861 2612 illorum
1883 2546 2116 2612 beneficiorum
2137 2557 2171 2612 et
2192 2545 2310 2612 benefi-

643 2665 808 2749 ciatorum,
831 2673 864 2730 et
886 2665 1013 2752 quibus,
1035 2673 1071 2730 ut
1091 2665 1296 2753 premittitur,
1317 2665 1427 2752 largiti
1449 2675 1482 2730 et
1504 2666 1661 2751 assignati
1681 2674 1765 2748 sunt,
1788 2674 1821 2730 et
1842 2686 1915 2730 cum
1931 2666 2132 2752 reemptione
2152 2665 2222 2751 (sic)
2240 2665 2310 2730 fieri

643 2784 823 2868 eontigerit,
840 2784 938 2870 juxta
958 2805 1057 2870 posse
1082 2794 1228 2850 nostrum
1249 2784 1366 2848 iterum
1389 2785 1592 2870 empciouem
1613 2807 1687 2850 cum
1705 2784 1752 2849 eis
1771 2785 1843 2849 lieri
1858 2782 1998 2849 fideliter
2014 2782 2261 2870 procurabimus
2280 2795 2311 2848 et

642 2899 754 2967 literas
775 2903 980 2967 necessarias
1002 2903 1120 2968 confici
1142 2902 1283 2990 desuper
1305 2901 1540 2986 ordinabimus,
1575 2924 1638 2990 que
1662 2905 1770 2969 omnia
1790 2925 1850 2990 pro
1872 2900 1966 2968 nobis
1989 2911 2022 2967 et
2042 2902 2163 2967 nostris
2185 2923 2311 2968 succes·

642 3019 771 3086 soribus
793 3019 881 3085 boua
901 3021 967 3086 fide
989 3022 1204 3109 promittimus
1221 3022 1319 3107 juxta
1348 3019 1535 3086 facultatem
1557 3031 1703 3087 nostram
1728 3020 1916 3087 obseruare.
1970 3021 2007 3084 lu
2030 3022 2121 3086 cuius
2148 3022 2198 3086 rei
2225 3023 2311 3086 testi·

642 3140 784 3204 monium
813 3138 956 3224 sigillum
987 3149 1133 3236 nostrum
1166 3139 1375 3228 presentibus
1397 3113 1555 3226 jussimus
1591 3139 1852 3227 appendendum.
1904 3139 2026 3203 Datum
2055 3137 2152 3205 Anno
2181 3140 2312 3205 Domini

642 3255 690 3321 M.
703 3256 832 3323 CCCC.
845 3257 948 3323 LIIIL
984 3258 1018 3322 in
1051 3258 1124 3325 loco
1158 3258 1332 3347 capitulari
1364 3259 1502 3324 ecclesie
1537 3258 1811 3324 Hadersleueusis
1844 3257 1897 3323 die
1929 3257 2023 3322 Jouis
2056 3258 2206 3344 proxima
2237 3268 2311 3346 post

641 3374 783 3440 Martini.
1638 3431 1644 3438 .
1871 3395 1996 3463 (regnu.
2015 3394 2112 3462 capu)

713 3529 735 3594 ²)
753 3531 786 3581 Iu
802 3529 937 3598 Margine:
960 3533 1103 3583 reseruatio
1121 3533 1172 3583 ista
1188 3539 1283 3599 cessat,
1302 3535 1364 3600 quis
1380 3535 1407 3584 in
1424 3533 1535 3584 veritate
1554 3536 1674 3598 spectant
1691 3531 1726 3583 ad
1743 3531 1797 3583 1111
1815 3531 1963 3600 probandas
1980 3533 2101 3583 minores.

1451 3834 1505 3892 ⁸1.

1101 3968 1259 4035 Faadctio
1281 3983 1415 4056 quatuor
1435 3970 1676 4058 prebendarum
1695 3970 1857 4036 minorum.

2024 4076 2100 4139 uuo,
2119 4076 2151 4126 rr
2168 4074 2247 4126 sear.

795 4201 949 4269 Nicolaus
971 4204 1036 4271 Dei
1070 4217 1103 4273 et
1135 4206 1324 4296 Apostolicc
1358 4209 1445 4273 sedis
1481 4209 1593 4294 gracia
1625 4208 1809 4294 Episcopus
1828 4206 2052 4274 Sleswiceusis
2079 4207 2210 4296 publice
2240 4229 2312 4295 pro·

644 4329 800 4388 testamur
822 4343 883 4408 per
905 4334 1092 4410 presentes,
1127 4327 1224 4408 Quod
1251 4347 1312 4392 uos
1335 4326 1376 4391 de
1403 4327 1571 4392 voluntate
1601 4337 1634 4392 ct
1661 4347 1821 4391 consensu
1844 4325 2079 4397 honorabilium
2101 4328 2313 4393 Domiuorum

645 4439 835 4526 Tymmonis
864 4441 1041 4508 smalstede
1071 4443 1222 4510 Oantoris
1250 4455 1284 4511 et
1315 4446 1420 4510 tocius
1444 4445 1586 4533 Capituli
1614 4443 1753 4512 ecclesie
1777 4446 1948 4534 collegiata
1977 4445 2250 4512 Hadersleuensis
2272 4443 2312 4509 ob

645 4557 829 4625 euidentem
852 4560 1023 4628 utilitatem
1046 4562 1187 4629 ecclesio
1209 4563 1355 4630 eiusdem
1378 4573 1410 4630 et
1432 4573 1642 4650 augmentum
1662 4565 1776 4630 Diuini
1798 4563 1901 4631 cultus
1922 4567 1957 4630 in
1980 4565 2124 4652 ead(em)
2147 4565 2314 4630 statuimus

630 4675 831 4762 ordinamus
865 4687 897 4744 et
924 4679 1089 4767 volumus,
1125 4683 1223 4764 Quod
1250 4683 1463 4770 pecuniarum
1496 4706 1636 4765 summe,
1670 4705 1750 4772 quas
1784 4683 1859 4748 olim
1888 4683 1949 4750 sub
1983 4672 2176 4771 quibusdam
2211 4679 2313 4746 modis

644 4795 812 4881 assignare
837 4801 1068 4885 proposuimus
1097 4801 1141 4865 ad
1167 4801 1397 4868 fundacionem
1425 4811 1459 4866 et
1487 4801 1692 4868 dotacionem
1720 4812 1858 4890 quatuor
1886 4803 2044 4867 minorum
2073 4798 2313 4887 prebendarum

780 4914 919 4981 ecclesia
950 4918 1225 5005 Hadersleueusi,
1265 4942 1338 4985 cum
1372 4920 1489 5008 quibus
1529 4929 1563 4986 et
1594 4919 1754 5008 aliquibus
1792 4943 1903 4986 carum
1937 4920 2068 4986 summis
2100 4917 2250 4984 redditus
2284 4925 2316 4980 et

645 5029 732 5097 bona
760 5035 861 5120 empti
889 5045 923 5100 et
950 5047 1059 5123 empta
1086 5045 1160 5102 suut
1186 5047 1284 5125 prout
1309 5039 1343 5104 iu
1369 5038 1475 5105 literis.
1507 5039 1649 5128 desuper
1675 5038 1831 5105 confectis
1862 5021 2059 5123 continetur,
2092 5038 2187 5102 Nunc
2209 5036 2315 5100 animo

646 5147 825 5217 deliberato
848 5163 968 5239 sponte
991 5163 1024 5219 et
1044 5153 1164 5238 libere,
1198 5156 1241 5221 ad
1267 5156 1424 5222 honorem
1454 5159 1684 5247 omnipotentis
1714 5158 1778 5222 Dei
1806 5168 1839 5223 et
1866 5158 2008 5243 gloriose
2036 5156 2173 5242 virginis
2201 5152 2316 5235 Mario,

645 5278 806 5354 perpetua
836 5281 870 5336 et
896 5272 997 5337 firma¹
1018 5272 1191 5340 dotacioue
1218 5275 1351 5342 easdem
1379 5297 1525 5342 summas
1556 5287 1590 5342 et
1616 5279 1664 5341 eis
1697 5276 1865 5343 adiunctas
1898 5285 1931 5342 et
1962 5275 2218 5363 adiungendus.
2243 5319 2252 5336 .
2276 5317 2315 5336 ..
