5088 6416
1416 903 1471 962 28.

640 1038 758 1104 Latara
776 1040 910 1105 Illioolm'
926 1040 1067 1126 epmoopi
1086 1037 1295 1123 Blessioeuar'a,
1318 1040 1429 1124 quobus
1440 1037 1665 1126 fundationem
1681 1039 1860 1126 prebende
1882 1038 2046 1125 eujusdam
2067 1041 2234 1126 confimat.

1944 1196 2023 1261 1451,
2060 1198 2092 1246 12
2110 1196 2208 1247 novar.

609 1329 717 1418 Copia
736 1328 832 1395 litere
852 1324 1056 1394 fundaciouis
1079 1349 1178 1415 super
1201 1328 1382 1392 distinctam
1404 1326 1623 1414 prebendam,
1656 1350 1753 1416 quam
1774 1328 1921 1394 fundauit
1942 1328 2102 1416 Dominus
2123 1329 2273 1396 Andreas

1096 1445 1264 1531 lobannis,
1288 1444 1473 1511 Canonicus
1496 1445 1780 1514 Hedersleuensis.

758 1601 828 1666 Nos
850 1596 1004 1666 Nicolaus
1032 1599 1087 1665 dei
1114 1609 1148 1664 et
1176 1597 1353 1685 apostolice
1382 1597 1470 1663 sedis
1497 1601 1603 1685 gratia
1631 1599 1816 1687 Episcopus
1847 1599 2086 1684 Sleswicensis,
2123 1601 2270 1667 Thimmo

609 1719 794 1786 Smalstede
824 1719 961 1805 Cantor,
993 1717 1147 1784 Nicolaus
1174 1715 1353 1800 Wulfardi,
1384 1717 1532 1782 Joaebim
1561 1718 1765 1805 (Samm?)on
1794 1719 1951 1785 Canonici
1983 1729 2151 1805 totumque
2180 1719 2275 1807 Capi·

607 1838 710 1904 tulum
739 1837 1019 1920 Hadersleuense,
1053 1835 1273 1924 capitulariter
1303 1844 1537 1922 congregatum
1568 1836 1611 1900 ad
1638 1837 1735 1902 huius
1763 1836 2030 1902 commendabilia
2059 1838 2121 1901 viri
2142 1838 2271 1904 Domini

607 1957 742 2028 Andree
766 1957 926 2022 lobannis
953 1954 1110 2021 Canonici
1137 1953 1411 2020 Hadersleuensis
1445 1976 1554 2020 eoram
1589 1954 1684 2020 nobis
1722 1957 1886 2022 constituti
1915 1956 2117 2040 instantiam,
2150 1966 2274 2022 matura

606 2074 779 2163 prehabita
811 2074 1052 2140 deliberacione
1085 2093 1145 2160 pro
1174 2071 1325 2137 euidente
1352 2073 1488 2138 utilitate
1523 2073 1673 2139 Ecclesia
1701 2073 1976 2140 Hadersleuensis
2009 2096 2049 2138 ac
2081 2095 2141 2160 pro
2175 2075 2275 2140 diuini

601 2169 712 2259 ¹cultus
736 2202 922 2280 augmento,
944 2191 985 2256 de
1008 2213 1094 2257 nouo
1116 2190 1202 2256 vltra
1224 2192 1443 2257 canonicatus
1465 2193 1499 2257 in
1521 2191 1609 2258 dicta
1631 2192 1772 2258 ecclesia
1787 2195 1976 2278 existentes,
1998 2192 2147 2258 omnibus
2165 2192 2276 2259 melio·

605 2312 697 2378 ribus
719 2310 835 2397 modis,
858 2310 975 2400 quibus
997 2312 1170 2397 potuimus,
1193 2311 1374 2396 creauimus
1397 2318 1429 2375 et
1452 2332 1610 2396 creamus,
1633 2311 1796 2378 ereximus
1819 2322 1852 2378 et
1874 2313 2028 2398 erigimus
2041 2311 2274 2378 Canonicatum

606 2453 744 2514 nouum,
779 2429 941 2517 Quodque
977 2428 1021 2494 ad
1053 2428 1172 2494 dictum
1196 2429 1434 2513 canonicatum,
1468 2430 1551 2494 sicut
1577 2430 1740 2516 prefertur
1762 2441 1921 2517 creatum,
1953 2430 2100 2518 prefatus
2123 2430 2270 2495 dominus

609 2548 762 2614 Andreas
784 2571 883 2613 vnam
904 2570 1023 2613 nouam
1045 2546 1262 2634 prebendam,
1286 2569 1349 2634 que
1373 2546 1524 2613 distincta
1546 2548 1608 2614 erit
1630 2559 1663 2614 et
1683 2560 1814 2614 maneat
1835 2550 1876 2615 ab
1899 2549 1969 2614 aliis
1991 2547 2185 2636 prebendis,
2206 2547 2275 2612 fun-

610 2667 701 2732 dauit
729 2677 763 2732 et
791 2667 833 2732 do
862 2686 949 2732 nouo
977 2648 1169 2737 instaurarit
1197 2665 1239 2730 ad
1261 2665 1363 2730 altare
1384 2665 1473 2731 beati
1495 2667 1585 2732 Petri
1612 2667 1752 2755 apostoli
1781 2667 2036 2755 dictorumque1)
2064 2665 2216 2732 Elisabet
2243 2677 2276 2730 et

607 2785 746 2870 Birgittc
768 2784 953 2869 viduarum,
981 2785 1132 2850 situatum
1159 2784 1193 2848 iu
1222 2784 1402 2871 aquilonari
1429 2787 1554 2872 pariete
1583 2785 1707 2852 directo
1737 2808 1780 2851 ex
1814 2787 1963 2874 opposito
1986 2786 2061 2852 ostii
2082 2784 2187 2869 ebori,
2219 2783 2273 2849 Ad

607 2903 790 2969 huiusmodi
813 2902 1015 2991 prebendam
1037 2913 1071 2968 et
1092 2901 1210 2988 altare,
1238 2912 1274 2967 ut
1294 2904 1502 2990 premittitur,
1531 2903 1634 2970 libere
1668 2915 1783 2992 sponte
1807 2914 1840 2970 et
1862 2905 1946 2970 bene
1969 2912 2005 2968 ut
2025 2904 2176 2990 apparuit
2199 2901 2275 2967 deli-

607 3003 741 3088 bersltus
770 3044 831 3111 pro
852 3022 963 3088 salute
986 3043 1046 3086 sua
1067 3042 1262 3108 suorumque
1291 3023 1535 3108 progenitorum
1564 3022 1745 3088 donacione
1773 3024 1858 3089 inter
1883 3025 1976 3089 viuos
2002 3021 2137 3087 donauit
2164 3032 2197 3087 et
2226 3043 2275 3086 as·

611 3143 754 3228 signamt
778 3141 1033 3230 quadringentas
1054 3162 1181 3206 marcas
1204 3139 1388 3205 lubinenses
1417 3150 1449 3206 et
1475 3140 1624 3206 redditus
1647 3164 1720 3206 cum
1743 3140 1867 3206 eisdem
1889 3139 2134 3228 quadringentis
2157 3142 2273 3205 marcis

609 3270 736 3346 emptos
759 3263 792 3325 in
815 3261 910 3326 bonis
932 3259 1065 3324 inferius
1093 3259 1275 3346 expressis,
1308 3256 1352 3323 ad
1379 3267 1571 3346 perpetuam
1599 3258 1769 3326 utilitatem
1798 3270 1831 3325 et
1857 3283 1952 3324 vsum
1978 3260 2086 3343 istIus,
2122 3261 2177 3347 qui
2202 3281 2274 3346 pre·

607 3380 711 3444 dictos
734 3380 957 3444 canonicatum
984 3389 1018 3443 et
1043 3378 1245 3465 prebendam
1274 3386 1307 3441 et
1333 3377 1434 3442 altare
1465 3377 1505 3441 de
1533 3398 1619 3442 nouo
1649 3389 1777 3445 creatos
1804 3379 1901 3444 firerit
1928 3387 2108 3442 assecutus.
2151 3378 2273 3442 Potens

607 3497 713 3563 dictus
735 3498 885 3563 dominus
902 3497 1054 3562 Andreas
1074 3519 1135 3561 nos
1156 3495 1325 3560 Nicolaum
1338 3495 1536 3582 Episcopum
1559 3495 1720 3582 prefatum
1743 3497 1914 3582 humiliter,
1936 3505 1972 3562 nt
1992 3495 2175 3562 huiusmodi
2197 3517 2274 3582 qua·

607 3615 797 3708 dringentas
820 3637 947 3681 marcas
970 3637 1009 3680 ac
1036 3613 1183 3679 redditus
1211 3636 1283 3678 cum
1312 3612 1437 3678 eisdem
1466 3623 1593 3701 emptos
1624 3615 1684 3680 snb
1714 3615 1936 3681 ecclesiastica
1961 3615 2164 3702 protectione
2193 3615 2274 3678 reci·

606 3757 698 3823 perc,
721 3757 760 3800 ao
783 3733 862 3821 quid
883 3732 926 3797 ad
949 3734 1052 3798 dictos
1076 3734 1299 3797 canonicatum
1322 3741 1354 3796 et
1376 3731 1579 3818 prebendam
1602 3744 1731 3800 creatos
1755 3733 1797 3799 de
1818 3754 1905 3798 nouo
1933 3755 1972 3798 ac
1999 3731 2043 3796 ad
2069 3730 2171 3797 altare
2200 3753 2273 3819 pre·

605 3853 727 3918 dictum
758 3852 964 3917 dotacionem
987 3860 1020 3916 et
1040 3852 1299 3937 assignacionem
1321 3849 1486 3939 predictas
1507 3861 1596 3916 ratas
1618 3851 1741 3918 habere
1764 3853 1891 3939 ipsique
1921 3852 2051 3917 domino
2072 3849 2207 3916 Andree
2229 3849 2272 3915 ad

604 3972 705 4037 vitam
728 3993 819 4035 suam
842 3981 971 4057 etpost
993 3973 1062 4036 eius
1086 3969 1256 4035 decessum
1279 3969 1320 4035 ab
1343 3969 1405 4034 bac
1425 3972 1494 4036 vita
1514 3970 1661 4057 prouidis
1682 3972 1761 4036 viris
1782 3971 1883 4036 Petro
1899 3971 2040 4037 Jensson
2066 3968 2219 4034 Bundoni
2238 3969 2273 4032 in

603 4088 761 4177 parochia
783 4087 924 4175 Stadorp
947 4089 1038 4154 fratri
1060 4109 1118 4154 suo
1148 4087 1270 4153 carnali
1299 4097 1333 4153 et
1353 4087 1455 4154 Paulo
1477 4090 1579 4176 ipsius
1601 4090 1692 4156 Petri
1720 4089 1787 4156 filio
1810 4091 1866 4177 jus
1894 4095 2084 4176 patronatus
2113 4085 2281 4185 dictorum.

604 4209 814 4274 canonicatus
837 4214 869 4272 et
891 4191 1060 4294 prebende
1083 4206 1124 4271 de
1152 4208 1257 4292 gratia
1287 4206 1421 4293 speciali
1447 4207 1630 4273 concedere
1661 4209 1878 4293 dignaremur.
1922 4208 2080 4272 Preterea
2108 4204 2210 4290 bona,
2237 4205 2272 4270 in

605 4325 724 4413 quibus
746 4325 885 4413 predicti
905 4325 1053 4390 redditus
1075 4348 1148 4390 cum
1171 4326 1264 4391 dictis
1288 4323 1533 4413 quadringentis
1555 4329 1674 4392 marcis
1697 4327 1796 4413 empti
1819 4334 1909 4409 sunt,
1941 4324 1995 4391 hic
2025 4324 2159 4390 inferius
2180 4325 2272 4388 iuxta

604 4443 871 4530 designacionem
904 4444 1006 4531 ipsius
1040 4443 1161 4509 domini
1193 4443 1327 4509 Andree
1360 4443 1541 4510 fundatoris
1576 4444 1813 4510 deseribuntur.
1867 4444 1976 4508 Primo
2006 4445 2171 4508 annuatim
2192 4441 2271 4506 VIII

602 4583 785 4628 marearum
807 4563 1037 4629 Lubicensinm
1064 4561 1211 4628 redditus
1239 4563 1272 4626 in
1300 4562 1394 4628 bonis
1416 4561 1515 4628 validi
1538 4563 1669 4630 Ottonis
1692 4563 1734 4628 de
1756 4561 1926 4628 Lembeck
1952 4562 1987 4628 in
2014 4561 2169 4649 parochia
2190 4559 2270 4627 Wil-

604 4688 694 4768 storp
715 4682 749 4746 in
771 4681 849 4748 villa
858 4681 1045 4769 Keelstorp‚
1066 4691 1194 4768 emptos
1216 4703 1275 4769 pro
1300 4691 1429 4747 centum
1451 4683 1569 4748 marcis
1592 4681 1839 4765 Lubicensibus,
1860 4702 1923 4745 nec
1944 4701 2010 4744 non
2022 4679 2070 4746 VI
2088 4699 2269 4744 marearum

602 4799 834 4866 Lubicensinm
854 4800 1002 4865 redditus
1025 4803 1058 4865 in
1081 4798 1175 4864 bonis
1195 4799 1362 4866 cuiusdam
1378 4799 1537 4866 debannis
1555 4800 1724 4884 lobannis,
1747 4799 1863 4886 sicum)
1885 4801 1919 4864 in
1940 4797 2102 4886 parochiis
2125 4796 2266 4882 Moltorp

602 4927 636 4984 et
656 4919 824 5006 Bemingb
854 4941 914 5007 pro
948 4917 1106 4984 similibus
1129 4928 1257 4983 centum
1280 4920 1397 4984 marcis
1420 4929 1642 5006 comparatos,
1675 4919 1758 4984 Item
1779 4917 1842 4984 IIII
1863 4938 2044 4983 marcarum
2065 4914 2213 4980 redditus
2234 4915 2269 4978 in

600 5036 696 5103 bonis
717 5037 819 5103 validi
840 5039 967 5104 Hierici
988 5036 1104 5102 Hacke
1126 5037 1160 5101 in
1181 5037 1336 5125 parocbia
1357 5037 1515 5126 Wisdorp
1538 5040 1641 5103 eciam
1664 5046 1791 5123 emptos
1812 5059 1873 5123 pro
1896 5045 2025 5102 centum
2047 5034 2183 5116 mareis,
2204 5053 2267 5097 nee

636 5305 660 5374 ¹)
674 5309 861 5378 dicturumque,
874 5311 1014 5380 legendnm
1027 5313 1084 5364 sina
1097 5311 1176 5364 dubio
1189 5319 1391 5379 sacratarumque,
1404 5309 1465 5362 vide
1478 5311 1552 5361 intra.
1619 5305 1644 5376 ⁹)
1658 5311 1733 5376 siout,
1745 5311 1885 5379 legendum
1898 5307 2005 5362 atsutia
