4932 6404
1065 638 1105 702 21

256 859 411 922 rensson,
432 837 534 904 Palno
557 840 709 924 Ibnsson,
731 839 890 906 Efrardus
912 841 1075 928 Moltylre,
1098 839 1215 928 Fykko
1238 840 1401 927 Moltyke,
1424 844 1541 907 Petrus
1568 840 1719 924 Grubbe,
1741 840 1917 908 Nicholaus

256 955 438 1042 Koutbson,
459 957 604 1023 lacobus
626 958 766 1044 Bekere,
789 958 904 1024 Petrus
926 959 1066 1044 Bakare,
1090 959 1212 1025 Olauus
1240 959 1387 1045 ltinsson,
1416 961 1533 1026 Petrus
1555 960 1735 1046 Niclesson,
1766 959 1916 1026 Andreas

256 1076 367 1160 Frost,
399 1076 547 1162 lisgerus
575 1077 705 1162 Kroolr,
736 1078 881 1144 lacobus
912 1078 1062 1161 Olefson,
1100 1078 1266 1144 lohannes
1295 1078 1599 1166 Hummersbytlen,
1632 1079 1751 1166 Heyno
1787 1077 1917 1162 Kabolt,

256 1193 454 1259 Benedictus
476 1195 619 1261 Aneuelt
639 1197 753 1282 iunior,
777 1196 855 1264 Otto
878 1196 919 1262 de
936 1198 1020 1281 Hoo,
1042 1197 1117 1263 vso
1137 1196 1322 1282 Petersson‚
1345 1198 1461 1262 Petrus
1484 1197 1724 1280 Lodewiikson,
1747 1196 1915 1262 Arnoldus

257 1312 415 1398 Moltyke,
439 1312 636 1379 Cristiernus
654 1315 751 1402 Kyle,
773 1315 923 1402 Lyderus
936 1315 1092 1397 Lembek,
1113 1316 1280 1380 lohannes
1298 1315 1479 1399 Niclesson,
1501 1315 1675 1380 Nicholaus
1690 1316 1837 1401 Offoson,
1858 1315 1918 1380 Er·

256 1431 373 1497 landus
388 1431 473 1518 Kalf,
494 1432 611 1498 Petrus
628 1433 739 1518 Munk,
761 1433 935 1498 Nicholaus
959 1433 1074 1519 Gloop,
1096 1434 1214 1519 Augho
1233 1433 1344 1520 Steelr,
1364 1435 1532 1500 lohannes
1544 1433 1690 1499 Absalon
1705 1455 1775 1518 son,
1796 1434 1914 1499 Petrus

257 1551 468 1636 Albrictson,
489 1551 634 1617 Jacobus
659 1552 816 1640 Spliitaal,
838 1552 1036 1617 Laurencius
1058 1553 1168 1636 Hwas,
1196 1552 1362 1618 lohannes
1385 1551 1601 1636 Wendelboo,
1629 1551 1803 1618 Nicbolaus
1826 1553 1916 1617 Hase

258 1677 291 1735 et
311 1669 486 1735 Nicholaus
506 1671 628 1756 Wynd,
650 1670 777 1753 milites,
799 1671 973 1736 Nicbolaus
989 1671 1142 1736 Erikson
1165 1671 1206 1735 de
1229 1670 1354 1756 Lynde,
1375 1670 1541 1736 lohannes
1560 1671 1778 1761 Laurepsson,
1800 1670 1918 1736 Nicho·

258 1788 327 1853 laus
349 1787 487 1854 lbnsson
511 1789 551 1854 de
568 1789 753 1874 Keldebek,
777 1789 925 1854 Kanutus
942 1790 1071 1876 Bugge,
1092 1789 1212 1854 Paulus
1237 1788 1353 1875 Gloop,
1375 1788 1550 1853 Nioholaus
1572 1789 1707 1876 Eyson,
1732 1789 1919 1856 Waldema-

257 1929 312 1972 rus
342 1908 468 1993 Sappy,
501 1909 667 1974 lohannes
696 1908 801 1992 Kaas,
834 1907 1007 1972 Nicholaus
1037 1908 1223 1992 Tuuesson,
1257 1908 1397 1992 Strango
1425 1907 1598 1992 Ebbeson‚
1635 1909 1775 1974 Boecius
1807 1907 1917 1992 Beck,

257 2026 400 2090 Thomas
421 2024 602 2111 Niclesson,
625 2026 738 2113 Lagbo
762 2026 836 2092 Offe
849 2048 918 2110 son,
939 2026 1057 2091 Petrus
1068 2026 1168 2092 Ywer
1181 2049 1249 2110 son,
1273 2027 1470 2092 Oristiernus
1483 2027 1581 2110 Kaas,
1604 2025 1914 2092 OlauusPetersson

257 2144 298 2208 de
320 2144 484 2231 Nythorp,
508 2144 630 2210 Olauus
652 2146 828 2211 Peterssou
850 2145 979 2230 Lunge,
1004 2143 1125 2209 Olenus
1149 2143 1285 2212 Olefson
1306 2145 1436 2230 Lunge,
1468 2144 1606 2210 Mathias
1628 2144 1770 2229 Falster,
1798 2145 1915 2210 Nicho-

257 2261 328 2326 laus
351 2262 431 2327 Karl
456 2284 530 2346 son,
552 2264 668 2329 Petrus
690 2263 810 2328 Hwiith
834 2273 866 2328 et
887 2263 1035 2327 Kanutus
1058 2263 1230 2348 Haringh,
1253 2263 1420 2349 armigeri,
1443 2262 1650 2349 presentibus
1672 2262 1786 2328 litteris
1810 2262 1917 2349 sigilla

256 2391 368 2446 nostra
390 2380 539 2446 duximus
561 2381 765 2469 apponenda
808 2383 928 2447 Datum
951 2403 1045 2466 anno,
1069 2381 1121 2446 die
1145 2391 1177 2447 et
1197 2381 1270 2447 loco
1293 2404 1392 2468 supra
1415 2383 1519 2448 dictis.

1073 2672 1102 2726 7.

739 2823 920 2888 Constitutio
946 2821 1052 2906 Olaui,
1075 2829 1095 2886 3
1116 2822 1203 2907 Majr'
1221 2827 1303 2887 1376
1326 2820 1434 2885 dotc¹.

405 2974 450 3038 Jn
476 2976 606 3040 nomine
635 2983 746 3040 sancte
775 2983 808 3038 et
834 2973 998 3039 indiuiduo
1025 2975 1175 3038 trinitatis
1208 2995 1312 3038 amen.
1372 2974 1469 3038 Anno
1504 2971 1624 3038 domini
1655 2972 1824 3038 millesimo
1859 2946 1916 3040 obe

256 3092 497 3175 septuagesimo
521 3102 626 3176 sexto,
649 3091 701 3158 die
723 3093 923 3157 inuencionis
946 3103 1057 3157 sancte
1080 3092 1195 3176 crucis,
1222 3091 1489 3157 conuenientibus
1513 3090 1674 3158 Slaulosie
1696 3094 1791 3177 regni
1811 3093 1913 3158 Dacis

255 3208 441 3294 pocioribus
469 3233 540 3274 cum
568 3210 777 3298 popularibus
805 3211 846 3275 ad
876 3211 1074 3276 eleccionem
1100 3211 1178 3274 noui
1205 3211 1308 3294 regis,
1347 3210 1533 3297 placitatum
1562 3211 1622 3275 fuit
1652 3218 1686 3273 et
1712 3210 1915 3276 concorditer

220 3352 238 3392 ι.
257 3327 447 3408 ordinatum.
464 3331 504 3416 jn
525 3331 635 3416 primis
659 3329 747 3416 quod
769 3331 922 3417 episcopi,
945 3327 1093 3416 capitula,
1115 3330 1311 3392 monasteria
1332 3351 1371 3392 ac
1394 3349 1505 3394 omnes
1529 3327 1750 3393 ecclesiastice
1773 3350 1914 3416 persone

253 3446 350 3529 regni
370 3445 473 3511 Dacie
497 3448 645 3513 omnibus
665 3447 878 3532 libertatibus,
899 3449 1031 3533 graciis,
1048 3447 1193 3534 juribus,
1210 3445 1492 3532 jurisdicionibus,
1519 3447 1647 3532 legibus
1673 3457 1706 3511 et
1727 3446 1915 3534 priuilegiis,

255 3562 372 3664 quibus
392 3586 545 3652 umquam
566 3565 698 3632 liberius
721 3575 754 3631 et
773 3565 881 3632 vtilius
902 3565 1102 3650 fruebantur,
1123 3564 1376 3650 congaudebunt
1397 3574 1430 3630 et
1450 3565 1492 3631 ab
1512 3565 1660 3630 omnibus
1678 3565 1741 3630 sint
1759 3563 1913 3630 oneribus

217 3707 236 3746 a
253 3683 371 3767 regiis,
405 3705 608 3774 quocumque
629 3686 758 3750 nomine
781 3695 989 3768 censeantur,
1022 3682 1115 3749 liberi
1142 3684 1265 3769 pariter
1293 3693 1326 3750 et
1348 3684 1501 3770 exempti.
1555 3683 1643 3750 Jtem
1669 3683 1805 3771 quilibet
1826 3705 1916 3768 pres·

253 3800 338 3867 biter
364 3801 484 3867 habeat
510 3825 607 3868 vnam
634 3805 754 3868 curiam
783 3804 1042 3891 principaliorem
1069 3803 1102 3867 in
1128 3801 1284 3888 parochia
1310 3824 1370 3867 sua
1397 3824 1457 3889 pro
1485 3801 1668 3868 residencia
1696 3825 1755 3868 sua
1776 3801 1914 3867 liberam

257 3929 290 3985 ct
313 3929 498 4008 exemptam
522 3920 562 3987 de
587 3920 733 3987 omnibus
757 3922 909 3988 oneribus
932 3922 1031 4008 regiis
1053 3943 1119 3986 vna
1147 3943 1221 3985 curn
1247 3920 1368 3985 familia
1394 3922 1428 3986 in
1455 3920 1541 3986 dicta
1569 3923 1658 3986 curia
1685 3931 1914 3989 commorante.

154 4045 181 4096 ο
217 4056 237 4098 a
255 4038 343 4104 Jtem
370 4039 495 4104 decime
525 4038 734 4106 eeclesiarum
761 4063 827 4106 non
854 4050 1006 4128 petantur
1032 4062 1094 4104 nce
1122 4040 1318 4126 recipiantur
1347 4061 1406 4124 per
1432 4061 1545 4124 regem
1579 4039 1632 4105 vel
1661 4040 1730 4104 cius
1759 4038 1914 4104 officiales

218 4175 237 4216 4.
256 4158 370 4244 quouis
392 4157 499 4224 modo.
550 4159 640 4224 Jtem
667 4159 771 4224 nullus
802 4170 975 4224 extraneus
1002 4160 1113 4243 ignote
1141 4157 1250 4243 lingue
1277 4157 1332 4220 vel
1365 4158 1545 4243 inperfecte
1575 4159 1669 4224 etatis
1699 4159 1743 4223 ad
1771 4156 1911 4245 aliquam

220 4297 239 4336 s.
258 4275 428 4340 ecclesiam
446 4286 660 4364 presentetur.
692 4277 779 4343 Jtem
802 4277 916 4362 nullus,
938 4278 1166 4363 cuiuscumque
1190 4286 1291 4340 status
1314 4277 1466 4360 extiterit,
1489 4300 1525 4342 se
1549 4278 1588 4342 de
1612 4277 1706 4342 bonis
1731 4285 1764 4340 et
1785 4297 1912 4362 posses·

254 4393 397 4459 sionibus
419 4397 700 4479 monasteriorum,
732 4398 876 4482 ipsorum
899 4393 1084 4477 abbatibus,
1117 4394 1278 4482 prioribus
1306 4405 1339 4459 et
1364 4396 1587 4481 prouisoribus
1610 4394 1790 4483 aliqualiter
1812 4396 1908 4458 intro-

252 4511 370 4595 mittat,
403 4511 463 4576 sed
490 4514 552 4600 ipsi
580 4512 730 4597 abbates,
768 4514 892 4601 priores
920 4524 951 4578 et
978 4515 1164 4600 prouisores
1194 4513 1461 4578 monasteriorum
1490 4513 1626 4580 dominis
1655 4516 1728 4598 suis,
1752 4513 1913 4599 episcopis

251 4637 414 4715 tamquam
436 4632 502 4696 suis
525 4632 611 4697 veris
634 4631 770 4696 dominis
793 4633 826 4695 in
847 4631 1077 4720 temporalibus
1101 4638 1134 4695 et
1155 4630 1374 4718 spiritualibus
1401 4654 1461 4718 per
1489 4635 1595 4698 omnia
1620 4635 1747 4718 integre
1776 4651 1910 4718 respon·

214 4765 234 4806 s.
254 4745 385 4812 debunt.
427 4747 514 4814 Jtem
536 4749 657 4816 nullum
679 4750 830 4816 clericum
852 4749 895 4816 ad
916 4750 1055 4838 aliquam
1078 4749 1248 4814 ecclesiam
1271 4750 1341 4836 quis
1364 4759 1538 4837 presentet,
1560 4751 1621 4816 nisi
1642 4752 1676 4816 in
1700 4771 1764 4836 qua
1785 4769 1908 4812 merum

215 4887 234 4928 r.
252 4867 302 4931 ius
323 4865 472 4932 babuerit
493 4877 690 4954 patronatus,
711 4891 772 4934 neo
793 4871 962 4956 potencior
983 4869 1127 4934 inferiori
1147 4868 1358 4955 preiudicium
1380 4869 1476 4934 iaciat
1497 4871 1532 4934 in
1553 4866 1784 4956 presentando.
1816 4866 1905 4931 Jtem

321 5155 330 5190 ¹
360 5157 401 5207 Ex
423 5159 573 5208 membrana
595 5157 725 5224 originali,
752 5159 793 5208 cui
810 5159 896 5226 sigilla
913 5163 1024 5224 quatuor
1039 5157 1143 5208 residua
1160 5157 1320 5223 appendent,
1347 5163 1456 5223 atergo
1475 5173 1553 5207 manu
1571 5171 1662 5206 coaeua
1678 5157 1795 5222 signata:
1816 5155 1905 5206 Hand·

250 5241 364 5310 lestning
381 5243 458 5294 Olaui
475 5245 544 5311 regis
562 5244 704 5294 Danorum.

1684 5339 1717 5392 3*
