5156 6424
668 697 711 763 40

625 897 701 984 tam,
736 906 809 984 post
830 895 949 962 festum
970 895 1068 961 beate
1093 895 1285 981 Walburgis'
1306 898 1460 963 continuo
1481 898 1665 986 proximum
1687 896 1904 986 personaliter
1925 893 2121 983 inhabitare,
2150 919 2191 962 sc
2213 918 2298 980 eam,

627 1026 664 1082 ut
686 1017 807 1082 decens
829 1015 942 1098 fuerit,
970 1013 1124 1080 edificare
1148 1023 1181 1078 et
1203 1015 1332 1082 edificia
1354 1036 1413 1080 sua
1433 1017 1566 1081 ruinosa
1589 1015 1710 1082 debeat
1730 1037 1900 1103 reparare,
1934 1024 1987 1101 ut,
2015 1025 2187 1103 postquam
2216 1023 2295 1080 nutu

626 1135 681 1200 dei
703 1133 847 1200 debitum
875 1133 981 1198 carnis
1009 1133 1219 1220 persoluerit,
1251 1156 1312 1222 pro
1346 1156 1406 1200 sua
1432 1136 1590 1200 memoria
1616 1136 1650 1200 in
1678 1133 1765 1205 dicta
1792 1135 1932 1200 ecclesia
1962 1143 2120 1222 perpetue
2154 1133 2297 1198 tenenda

624 1254 732 1320 taxari
759 1274 819 1340 per
846 1273 906 1318 nos
935 1253 1052 1318 merito
1080 1251 1190 1318 valeat
1217 1262 1316 1340 atque
1342 1255 1456 1341 possit.
1500 1254 1721 1320 Promittimus
1749 1262 1858 1320 tamen
1885 1251 1972 1318 bona
2000 1253 2081 1336 fide,
2115 1251 2203 1340 quod
2234 1274 2293 1340 pro

625 1392 816 1438 successore
850 1369 930 1436 dicti
967 1369 1088 1435 domini
1115 1371 1205 1436 Petri
1236 1371 1331 1436 aliam
1364 1374 1487 1437 curiam
1520 1371 1742 1438 canonicalem
1775 1370 2012 1458 assignabimus
2046 1379 2294 1459 competentem.

625 1489 784 1556 Volumus
807 1490 920 1573 etiam,
943 1489 1031 1576 quod
1054 1488 1236 1555 huiusmodi
1259 1491 1363 1573 curia,
1386 1492 1517 1556 sinente
1541 1490 1627 1556 dicto
1650 1489 1791 1556 Domine
1814 1491 1931 1574 Petro,
1953 1488 2149 1554 inhabitetur
2170 1487 2294 1577 absque

626 1608 697 1673 aliis
728 1606 806 1672 dicti
834 1607 954 1672 domini
983 1607 1073 1673 Petri
1104 1607 1319 1672 incommodis
1346 1609 1472 1696 injuriis
1500 1616 1598 1695 atque
1622 1605 1781 1694 dampnis.
1824 1607 1863 1672 In
1885 1627 2023 1694 quorum
2046 1610 2187 1672 omnium
2209 1609 2295 1672 testi-

625 1728 768 1792 monium
794 1727 896 1792 nostri
921 1725 1062 1812 Capituli
1089 1725 1230 1812 sigillum
1258 1717 1464 1812 presentibus
1495 1725 1646 1791 duximus
1676 1726 1936 1814 appendendum.
1981 1727 2025 1792 Et
2051 1747 2112 1791 nos
2140 1725 2295 1792 Nicolaus

627 1843 689 1911 dei'
712 1847 818 1934 gratia
844 1843 1029 1930 Episcopus
1061 1843 1286 1910 sleswicensis
1318 1845 1352 1909 in
1382 1844 1564 1910 huiusmodi
1594 1846 1806 1910 concessione
1836 1854 1869 1910 et
1897 1843 2106 1910 ordinacione
2137 1865 2294 1932 expresse

627 1966 870 2043 consensimus,
892 1972 924 2027 et
940 1964 1106 2051 »premissa
1129 1963 1236 2028 omnia
1258 1971 1291 2028 et
1314 1961 1442 2048 singula
1463 1963 1699 2050 approbamus,
1722 1963 1918 2029 ratificamus
1941 1972 1975 2028 et
1995 1961 2214 2050 approbamus
2235 1985 2296 2051 per

624 2093 807 2172 presentes.
855 2082 901 2147 Et
927 2082 961 2145 in
988 2079 1088 2145 fidem
1116 2091 1150 2146 et
1179 2083 1338 2146 maiorem
1366 2081 1569 2147 euidcnciam
1596 2084 1828 2169 premissorum
1855 2090 2027 2170 presentes
2054 2080 2165 2146 literas
2192 2083 2296 2147 nostri

627 2202 724 2288 sigilli
752 2203 951 2289 appensione
975 2200 1132 2288 jussimus
1161 2209 1195 2266 et
1221 2199 1357 2266 lecimus
1386 2201 1586 2268 communiri.
1640 2201 1761 2267 Datum
1789 2223 1874 2266 anno
1901 2201 2032 2265 Domini
2053 2201 2089 2265 M
2102 2199 2220 2274 CCCC
2233 2199 2297 2266 LX

627 2322 749 2408 quinto,
771 2319 824 2385 die
845 2340 927 2385 vero
949 2316 1034 2403 lune,
1058 2329 1173 2406 quarte
1194 2316 1315 2384 mensis
1337 2318 1501 2405 februarii,
1522 2321 1557 2385 in
1579 2318 1716 2408 Capella
1737 2319 1840 2383 sancti
1861 2318 2082 2384 Bartholomei
2103 2319 2253 2406 apostoli.

777 2411 822 2503 'Et
844 2459 906 2524 ego
928 2437 1096 2504 lohannes
1117 2438 1262 2520 Boesze,
1295 2435 1459 2524 Imperiali
1487 2439 1679 2503 auctoritate
1701 2437 1856 2502 Notarius
1877 2437 2048 2523 Publicus,
2080 2460 2218 2526 presens
2239 2438 2294 2522 fui,

627 2557 716 2646 quod
739 2557 843 2622 dictus
866 2555 1015 2622 dominus
1037 2557 1155 2621 Petrus
1180 2554 1327 2622 Vbbonis
1350 2565 1466 2643 sponte
1489 2555 1592 2622 bbere
1622 2566 1656 2621 et
1682 2564 1719 2622 ut
1746 2557 1896 2644 apparuit
1922 2555 2090 2622 voluntate
2112 2555 2200 2623 bona
2221 2578 2295 2622 eon·

628 2677 743 2759 sensit,
773 2683 809 2741 ut
829 2683 1010 2740 memorata
1030 2675 1121 2740 curia
1142 2672 1238 2738 alicui
1260 2675 1416 2740 canonico
1438 2675 1660 2760 assignaretur
1677 2676 1775 2762 juxta
1794 2674 1949 2762 placitum
1971 2674 2117 2760 capituli,
2145 2697 2185 2740 ac
2207 2675 2294 2762 quod

628 2793 816 2858 inferiorem
840 2816 958 2879 casam,
983 2816 1045 2881 qne
1064 2795 1162 2880 juxta
1183 2814 1302 2881 aquam
1325 2803 1391 2876 est,
1412 2795 1516 2880 possit
1536 2793 1717 2860 inhabitare
1742 2803 1775 2858 et
1796 2815 1839 2858 ea
1858 2795 1905 2858 sic
1927 2793 1969 2859 ab
1992 2814 2031 2878 eo
2054 2794 2164 2859 audiui
2187 2793 2239 2858 die
2262 2804 2295 2859 et

627 2911 709 2977 hora
730 2913 973 3000 suprascriptis,
997 2921 1030 2978 et
1056 2911 1100 2977 ad
1120 2913 1183 2976 hoc
1205 2911 1310 2976 dictus
1331 2911 1545 2978 Reuerendds
1567 2915 1661 2998 pater
1683 2913 1842 2978 Dominus
1863 2912 2046 2999 Episcopus
2067 2933 2119 2976 me
2141 2923 2294 3000 tanquam

626 3029 795 3096 Notarium
825 3033 1015 3118 requisiuit,
1059 3030 1266 3118 presentibus
1297 3029 1548 3097 memorabilibus
1588 3029 1726 3096 dominis
1759 3031 1903 3096 Henrico
1937 3030 2053 3116 Krogh
2088 3039 2121 3094 et
2151 3029 2294 3096 Detleno

626 3147 793 3240 Vulfardi,
826 3151 989 3214 canonicis
1017 3147 1336 3217 Hadersleuensibus
1369 3148 1413 3214 ad
1444 3149 1507 3214 hoc
1532 3171 1594 3237 per
1620 3172 1673 3214 me
1708 3151 1886 3236 requisitis,
1920 3148 2008 3237 quod
2034 3158 2199 3236 protestor
2232 3148 2296 3214 hcc

627 3269 747 3356 scripto
769 3271 901 3356 proprie
924 3291 1038 3334 manus
1060 3291 1144 3334 mee.
1918 3287 2043 3356 (Regiae.
2061 3285 2158 3354 Capit)

1431 3641 1489 3698 40.

948 3808 1064 3874 Iri'teroe
1090 3809 1233 3895 capituli
1250 3808 1522 3876 Haderslersbnssb
1545 3809 1583 3875 de
1593 3809 1788 3896 sandalibus
1808 3809 1981 3875 lectorum

2023 3931 2098 3994 mes,
2114 3930 2131 3979 s
2149 3929 2227 3981 seer.

630 4063 735 4150 Copia
756 4061 849 4127 litere
871 4064 1105 4149 recognitionis
1129 4062 1204 4128 date
1227 4062 1357 4132 domino
1380 4073 1494 4129 nostro
1515 4066 1661 4150 gratioso
1684 4087 1783 4152 snper
1804 4065 1999 4130 fundacione
2022 4063 2209 4129 doctoratus
2232 4073 2293 4128 etc.

778 4215 847 4280 Nos
871 4213 1057 4302 Capitulum
1080 4215 1344 4281 Hadersleuense
1368 4215 1516 4281 omnibus
1543 4220 1716 4304 presencia
1743 4219 1965 4302 insinuaturis‚
1999 4218 2032 4281 in
2055 4215 2184 4282 domine
2214 4215 2294 4282 salu-

627 4345 703 4402 tem.
747 4335 793 4400 Vt
819 4334 939 4398 nostris
966 4333 1167 4420 temporibus
1197 4335 1501 4422 omnipotentis'dei
1529 4335 1633 4405 honor
1659 4359 1699 4402 ac
1726 4339 1916 4404 intemerate
1944 4335 2080 4422 virginis
2107 4333 2212 4400 M'arie
2242 4357 2296 4422 pa·

627 4465 721 4521 trone
743 4463 854 4520 nostre
878 4462 911 4517 et
932 4452 1072 4516 omnium
1096 4462 1280 4518 sanctorum
1309 4453 1378 4518 laus
1405 4454 1444 4517 in·
1472 4454 1612 4520 ecclesia
1640 4467 1674 4521 et
1702 4456 1799 4544 opido
1823 4454 2078 4521 Hadersleuensi
2100 4475 2161 4539 pro
2183 4463 2295 4518 nostra

628 4584 662 4640 et
682 4575 787 4640 tocius
808 4570 922 4660 populi
942 4571 1146 4659 prepositure
1169 4571 1337 4658 Barisysel
1360 4571 1463 4638 salute
1487 4575 1618 4660 augeri,
1641 4585 1674 4640 et
1696 4595 1835 4658 errores,
1859 4572 1974 4660 quibus
1998 4569 2157 4658 dyabolus
2180 4569 2293 4636 fideles

629 4692 727 4758 Cristi
748 4692 882 4756 inficere
904 4713 971 4756 non
993 4697 1116 4774 cessat,
1139 4691 1294 4778 extirpari
1315 4692 1442 4778 possint
1463 4701 1496 4756 et
1517 4691 1662 4777 valeant,
1696 4693 1839 4758 studiose
1861 4691 2072 4773 intendimus,
2102 4691 2192 4755 utin
2221 4711 2294 4777 pre-

628 4810 715 4877 dicta
743 4811 882 4876 ecclesia
910 4807 1167 4874 Hadersleuensi
1199 4809 1318 4874 Lector
1347 4811 1416 4874 siue
1444 4809 1603 4896 Magister
1636 4812 1669 4876 in
1702 4833 1797 4877 sacra
1827 4813 1962 4898 pagina,
1995 4809 2090 4874 sicuti
2122 4809 2155 4872 in
2188 4807 2295 4872 multis

629 4929 777 4996 ecclesiis
798 4927 949 4994 Almanie
973 4925 1100 4993 solitum
1124 4936 1182 5010 est,
1205 4927 1372 5007 habeatur,
1396 4936 1429 4992 et
1450 4928 1513 4994 hoc
1535 4930 1665 4994 minime
1687 4931 1759 4995 fieri
1779 4951 1878 5017 posse
1900 4928 2113 5008 aduertimus,
2134 4926 2197 4990 nisi
2218 4924 2295 4990 vbe-

627 5047 694 5110 rius
721 5048 755 5112 in
781 5047 976 5112 necessariis
1003 5044 1066 5110 sibi
1086 5045 1307 5134 prouideatur.
1352 5047 1438 5112 Hine
1466 5046 1533 5112 leta
1565 5070 1640 5114 cum
1671 5050 1847 5133 gratiarum
1875 5050 2002 5114 actione
2031 5047 2295 5133 qua'possumns

628 5163 835 5230 donationem
856 5167 941 5230 inter
963 5166 1057 5230 vinos
1079 5175 1113 5232 et
1133 5176 1326 5254 perpetuam
1346 5167 1558 5232 tricentarum
1580 5187 1760 5232 marcarum
1782 5165 2003 5265 lubicensium
2017 5185 2114 5252 quam
2132 5161 2214 5228 iecit
2233 5161 2297 5226 Re·
